1683 2802
728 102 955 138 -35-

189 205 344 248 militm,
383 205 465 253 plus
504 218 624 241 ausum
663 218 764 252 quam
801 205 838 240 in
878 204 1102 253 prostitutam
1140 202 1269 238 licebat.
1328 201 1500 237 Eaeomsti

181 265 366 313 populum:
393 265 560 312 numquid
581 272 612 300 et
635 265 802 299 Zenonem?
846 263 1082 308 Schultingius
1107 261 1322 298 scribendum
1351 260 1495 297 coniecit

189 323 357 359 adiciebat
379 325 451 360 leno
474 336 535 371 pro
551 336 590 359 eo
610 323 702 370 quod
717 327 769 358 est
784 323 820 357 in
836 322 931 358 codd.
949 322 1084 358 adiebat
1106 321 1168 367 (Tz
1194 320 1371 365 aditiebat)
1394 332 1491 356 zeno:

187 387 284 418 acute
299 383 447 430 profecto
471 384 622 430 reposuit
645 384 727 424 leno,
753 382 812 418 sed
834 383 911 418 leno
934 381 1019 417 nihil
1038 381 1192 425 ‚adiecitf
1239 380 1352 416 Multo
1368 379 1492 415 melius

188 442 324 490 scripsit
347 443 537 479 Bursianus
562 444 685 486 aiebat;
717 454 836 478 verum
859 446 974 478 autem
996 446 1057 482 est,
1088 441 1124 476 ni
1147 440 1257 485 fallor,
1287 448 1327 476 at
1356 440 1492 475 aiebat

187 503 259 538 leno
283 516 348 549 eqs.

294 573 438 611 Contr.
462 574 490 610 I.
507 574 540 619 3,
558 574 591 610 9.
608 587 641 623 p.
658 574 775 620 98,16:
812 575 922 611 aiebat
944 574 1073 610 Cestius
1096 574 1197 610 malle
1218 587 1253 609 se
1277 586 1358 608 casu
1380 572 1495 608 videri

175 637 314 683 factum
349 649 448 682 quam
486 635 623 671 deorum
650 636 816 671 voluntate
840 663 848 670 .
875 662 883 670 .
909 662 917 670 .
947 636 1058 682 itaque
1093 647 1160 670 mm
1192 634 1364 683 probabat
1404 633 1493 669 illud

185 695 320 730 Triarii
348 708 414 742 eqs.
462 693 566 730 Recte
590 694 784 729 universam
814 694 999 729 orationem
1031 694 1162 741 primus
1197 693 1373 729 constituit
1400 693 1489 728 Bur-

186 754 313 799 sianus,
334 753 392 789 sed
409 753 500 799 quod
514 754 649 801 scripsit
664 755 775 801 itaque
791 753 876 788 mihi
892 766 962 788 non
978 753 1098 801 placet.
1124 752 1234 790 Codd.
1251 752 1352 788 ABV
1364 752 1490 787 habent

185 821 368 862 aptaquae‚
405 813 468 848 sub
504 825 571 859 quo
605 812 799 848 delitescere
839 812 974 848 videtur
1001 827 1083 861 pro
1084 821 1205 861 ptere
1213 827 1262 860 aq
1270 825 1330 856 ue3
1365 812 1490 859 quippe

184 874 387 909 exstiterunt
401 873 469 908 iam
486 872 523 908 111
541 872 696 909 codicum
708 877 902 908 nostrorum
914 863 1109 920 archetypo,
1121 891 1167 897 —
1179 885 1248 908 non
1265 871 1324 907 illo
1342 871 1489 919 quidem,

183 938 222 967 ut
244 945 352 979 nuper
375 932 514 978 quidam
536 933 638 967 nimis
663 932 870 967 confidenter
893 933 1117 976 asseveravit,
1142 932 1340 967 maiusculis
1368 933 1489 968 litteris

184 997 332 1035 exarato,
356 1011 400 1016 -
424 992 534 1027 multa
549 992 735 1039 scripturae
752 992 963 1039 compendia,
988 992 1221 1039 habemusque
1237 997 1367 1028 certum
1383 1004 1489 1039 quen·

183 1052 263 1087 dam
275 1052 398 1091 locum,
416 1052 476 1098 qui
487 1052 529 1086 ad
543 1052 630 1086 hanc
643 1052 875 1097 quaestionem
890 1052 1048 1087 nonnihil
1064 1052 1178 1087 faciat:
1196 1065 1228 1099 p.
1244 1052 1371 1096 206‚24
1385 1052 1489 1087 libra-

183 1113 255 1147 rius
270 1123 333 1159 pro
346 1119 515 1160 properat
527 1111 609 1157 legit
623 1119 770 1160 propter
782 1111 830 1146 ad
843 1110 946 1157 idque
958 1111 1195 1158 compendiose
1208 1112 1359 1159 scripsit3
1376 1112 1489 1159 itaque

181 1171 253 1208 cod.
285 1171 320 1206 A
350 1170 487 1207 exhibet
517 1177 595 1220 ppt·
599 1171 646 1206 ad
686 1170 871 1217 eodemque
905 1170 992 1206 redit
1026 1171 1097 1206 cod.
1123 1171 1153 1206 B
1178 1171 1346 1219 scriptura
1371 1178 1430 1220 pt*
1431 1172 1486 1208 ad.

183 1231 241 1268 Sic
282 1231 435 1278 suspicor
466 1236 582 1266 nostro
615 1231 689 1266 loco
720 1230 803 1265 olim
830 1236 1005 1266 exaratum
1033 1230 1138 1266 fuisse
1158 1237 1241 1279 ppt*
1244 1245 1379 1278 eaquae,
1409 1231 1488 1267 inde

181 1303 338 1326 manasse
361 1290 453 1336 quod
475 1290 583 1325 nostri
607 1290 702 1325 codd.
727 1290 854 1325 habent
878 1298 1055 1338 aptaquae.

289 1363 430 1400 Contr.
456 1363 484 1399 Ι.
510 1364 598 1407 6,11.
623 1376 655 1411 Ρ.
683 1364 797 1408 118‚7:
833 1363 953 1400 Omnes
983 1365 1153 1400 honestam
1180 1372 1321 1400 matrem
1347 1366 1486 1414 puellae

180 1423 351 1466 dederunt,
388 1437 498 1459 omnes
534 1423 692 1459 dz'aeerunt
727 1438 793 1471 qua
829 1424 1066 1460 misericordia
1103 1424 1325 1469 (discessisse)
1350 1433 1484 1469 motam,

182 1497 249 1530 qua
285 1496 406 1518 amore.
465 1482 555 1517 Nolo
585 1494 677 1517 nunc
700 1494 874 1528 quaerere,
910 1495 1014 1529 quam
1049 1495 1127 1518 vere
1161 1483 1393 1529 Kiesslingius
1429 1484 1486 1520 hic

179 1542 360 1577 inseruerit
384 1541 585 1585 discessisse,
610 1546 727 1577 contra
749 1542 786 1576 in
803 1543 1020 1588 sequentibus
1037 1542 1202 1577 nonnulla
1218 1542 1394 1579 deleverit:
1417 1543 1485 1577 alia

180 1601 217 1636 in
245 1601 300 1636 his
328 1600 414 1636 mihi
443 1600 555 1636 oblata
585 1606 637 1636 est
665 1601 863 1645 difficultas,
896 1614 999 1648 quam
1027 1614 1127 1637 nemo
1158 1602 1306 1637 sensisse
1337 1602 1482 1637 videtur.

180 1661 318 1696 Etenim
342 1661 424 1707 quid
448 1661 511 1696 sibi
546 1661 629 1697 velit
652 1662 792 1706 ,matris‘
820 1662 952 1709 puellae
981 1662 1108 1698 mentio
1136 1675 1205 1698 non
1233 1662 1386 1710 dispicio,
1415 1675 1485 1698 non

181 1720 293 1764 video,
309 1732 411 1766 quam
429 1721 472 1755 ob
487 1733 560 1755 rem
577 1720 707 1756 dicatur
728 1733 803 1756 eam
819 1721 1026 1766 discessisse,
1043 1727 1145 1768 atque
1161 1721 1196 1756 id
1208 1728 1336 1758 motam
1350 1723 1484 1758 miseri—

177 1781 293 1817 cordia
316 1782 371 1817 vel
394 1794 517 1817 amore.
565 1781 667 1816 Dicta
690 1780 773 1817 haec
796 1793 870 1817 esse
893 1787 1032 1829 apparet
1048 1782 1089 1817 de
1104 1782 1212 1829 ipsius
1229 1782 1361 1828 puellae
1375 1781 1483 1818 facto:

179 1846 383 1888 quapropter
407 1841 622 1876 scribendum
645 1853 814 1888 propono:
839 1855 950 1877 omnes
972 1843 1142 1877 honestam
1164 1850 1330 1877 mentem
1347 1844 1485 1890 puellae

177 1900 349 1936 dederunt.
397 1899 449 1937 Cf.
476 1914 509 1948 p.
533 1901 659 1945 348‚27
687 1902 801 1937 hahuit
823 1902 942 1937 bonam
964 1909 1112 1945 mentem,
1137 1913 1170 1948 p.
1186 1901 1312 1946 400,27
1328 1909 1365 1937 ut
1387 1903 1484 1938 salva

174 1962 356 2007 provincia
379 1962 434 2004 sit,
460 1969 608 2009 optemus
630 1962 802 1996 meretrici
823 1962 941 1996 bonam
963 1963 1121 1996 mentem?

287 2033 424 2071 Contr.
449 2035 477 2070 I.
503 2035 591 2081 7,18.
617 2048 650 2083 p.
677 2034 815 2079 129,21:
856 2036 925 2071 Hic
954 2034 1016 2078 (sc.
1047 2033 1256 2082 Gargonius)
1279 2038 1418 2084 putavit
1449 2051 1484 2073 se

176 2095 310 2130 varium
326 2096 469 2131 colorem
485 2097 688 2144 eoecoyitasse
704 2109 776 2144 pro
793 2102 910 2143 patre:
934 2109 1001 2144 eqo,
1022 2097 1142 2143 inquit,
1167 2096 1309 2132 dictavi.-
1333 2097 1483 2145 ‘duplam

176 2153 274 2198 dabO,
299 2156 335 2191 si
354 2169 474 2191 manus
496 2169 563 2191 non
583 2155 842 2204 praecideritis.'
867 2156 1010 2191 librario
1025 2169 1093 2191 una
1107 2157 1237 2204 syllaba
1252 2156 1380 2192 excidit
1395 2155 1482 2193 ‘non'

176 2220 206 2247 et
228 2215 367 2262 scripsit
395 2215 440 2250 ‘si
459 2215 723 2263 praecideritis’.
771 2213 899 2250 Omnes
929 2215 1073 2251 editores
1101 2216 1137 2250 in
1165 2216 1238 2251 cod.
1263 2216 1292 2251 T
1316 2217 1484 2265 scriptura

176 2272 309 2309 varstan
334 2273 385 2319 (A
397 2273 445 2311 B:
470 2274 640 2320 varo-ium)
665 2275 878 2322 acquievere3
909 2274 995 2311 mihi
1023 2287 1063 2311 ea
1089 2275 1197 2311 futilis
1221 2276 1357 2312 videtur
1381 2282 1482 2324 atque

175 2327 364 2379 pergaudeo
395 2334 486 2370 idem
517 2335 666 2371 sensisse
695 2334 751 2372 W.
776 2334 997 2380 Muellerum3
1032 2341 1145 2371 tamen
1173 2337 1262 2383 quod
1292 2338 1366 2386 ipse
1389 2350 1482 2376 com-
