1683 2802
715 110 941 145 -43-

168 213 361 250 delitescere
384 212 542 259 equidem
566 211 719 259 suspicor
752 208 978 248 ΕΦΕΡΟῩ.
1013 209 1117 254 Quod
1141 215 1255 246 autem
1278 210 1377 245 tertio
1394 209 1479 254 loco,

168 274 227 309 ubi
257 272 353 308 codd.
389 272 551 308 exhibent
573 275 837 314 ΕΝΛΙΝΕΊῸ,
872 270 1084 306 Ribbeokius
1113 269 1257 305 coniecit
1291 270 1482 315 ἐμιαίνετο,

168 333 269 380 plane
293 332 442 368 alienum
476 332 512 366 id
536 336 588 367 est
622 337 656 366 et
679 332 723 367 ab
747 331 822 378 ipsa
845 331 1014 367 sententia
1042 334 1076 365 et
1106 330 1149 365 ab
1174 329 1336 364 orationis
1359 329 1482 374 forma,

168 404 254 439 quae
278 391 472 434 secundam,
496 404 566 426 non
590 391 724 427 tertiam
749 391 844 427 verbi
878 402 1061 439 personam
1082 394 1218 438 aperte,
1234 388 1375 435 flagitat.
1434 388 1482 424 Et

167 465 210 488 ex
245 452 351 489 altera
385 452 524 499 quidem
558 456 653 499 parte
688 452 805 488 sanius
840 457 892 488 est
927 450 1019 499 quod
1053 450 1243 486 Bursianus
1268 448 1477 495 excogitavit

164 513 327 558 ἐμαίνου;
352 517 466 547 tamen
490 524 534 546 ne
557 511 621 547 hoc
644 511 782 557 quidem
805 512 948 547 verbum
973 516 1091 557 aptum
1113 509 1265 545 videtur:
1294 522 1364 544 non
1388 509 1480 544 enim

164 571 277 616 agitur
300 566 342 605 de
365 570 509 613 insania,
534 569 646 615 agitur
669 569 711 604 de
734 576 834 617 raptu
857 574 892 604 et
908 569 1093 604 vitiatione.
1127 568 1316 614 Scripserat
1333 567 1472 610 Seneca,

163 630 231 666 nisi
254 630 389 677 egregie
417 629 525 674 fallor,
544 627 909 667 EAYMAINOY:
933 629 1023 664 inter
1045 632 1079 665 E
1100 632 1134 664 et
1156 632 1200 672 N,
1234 633 1271 662 ut
1294 627 1343 672 fit,
1369 626 1473 662 omis-

164 704 241 726 sum
264 696 316 726 est
338 694 418 734 AY,
443 695 553 726 cetera
577 690 724 738 simplici
747 690 878 726 incuria
893 689 1090 725 deformata.

273 758 499 807 Transeamus
522 759 565 794 ad
589 759 825 794 sententiolam
848 759 981 793 Damae
1005 756 1161 793 scombri
1185 756 1337 791 nondum
1361 768 1476 790 emen-

163 817 287 862 datam,
312 817 460 854 Contr.
485 818 530 854 ΙΙ.
558 819 669 863 14,12.
695 831 726 866 Ρ.
751 818 888 862 223,11.
927 816 1035 853 Cuius
1059 820 1210 852 extrema
1233 816 1338 851 verba
1355 814 1476 850 leviter

165 878 344 913 obscurata
367 878 557 913 Bursianus
592 883 681 914 recte
710 878 792 923 legit
815 877 878 913 ita:
915 876 1073 912 ἀσωτίαν
1103 874 1278 925 ἄσωτεύῃς
1312 887 1352 910 ea
1386 886 1473 920 quae

163 937 369 985 praecedunt
392 949 545 984 quaeque
561 938 598 972 in
622 937 717 973 codd.
742 938 791 972 ita
802 937 892 985 picta
906 941 1000 972 sunt:
1025 936 1368 973 OTHTHMENNN
1391 934 1473 978 (nisi

165 997 254 1043 quod
279 997 315 1031 in
340 997 569 1033 B20THZH
586 1018 642 1041 —,
678 998 713 1032 in
739 997 823 1032 VT:
840 1017 881 1021 —
900 1000 1082 1033 MEHNN
1101 994 1242 1039 exstat),
1268 994 1358 1029 idem
1382 994 1472 1028 Bur-

162 1056 290 1099 sianus,
326 1075 372 1080 —
407 1068 488 1091 nam
523 1056 754 1103 antiquiorum
790 1056 984 1092 criticorum
1020 1059 1221 1098 commenta,
1260 1060 1297 1086 ut
1332 1052 1401 1087 fere
1436 1052 1473 1086 in

161 1112 312 1156 Graecis,
338 1121 448 1151 tacere
472 1121 629 1163 praestat,
665 1136 711 1141 ——
746 1116 945 1152 emendasse
981 1115 1047 1151 sibi
1082 1115 1178 1150 visus
1214 1118 1266 1149 est
1296 1112 1472 1148 scribendo

160 1175 220 1209 ἐπὶ
244 1174 308 1221 τὴν
331 1174 433 1220 ἐμήνε
471 1175 529 1210 sed
553 1187 661 1221 neque
685 1176 895 1218 Kiesslingio
918 1175 1088 1222 persuasit
1110 1185 1220 1219 neque
1243 1172 1344 1215 mihi3
1381 1179 1471 1215 nam,

160 1238 198 1268 ut
221 1232 288 1268 alia
311 1240 527 1281 praeteream,
552 1235 630 1270 talis
644 1235 809 1270 sententia
831 1247 852 1270 a
874 1234 938 1270 filii
960 1240 1056 1282 parte
1079 1233 1167 1270 dicta
1190 1232 1271 1268 ferri
1294 1232 1412 1277 nequit
1435 1231 1472 1267 in

160 1293 245 1327 serie
270 1295 513 1328 sententiarum
537 1295 703 1329 dictarum
727 1308 748 1329 a
772 1300 868 1342 parte
891 1294 1008 1341 patris.
1056 1294 1144 1329 Mihi
1175 1293 1288 1328 locum
1311 1296 1468 1326 nostrum

159 1353 379 1400 perpendenti
403 1353 488 1390 illud
512 1353 671 1391 ἀσωτίαν
695 1353 852 1406 ἆσωτεύῃ
875 1354 1014 1402 prodere
1032 1366 1164 1403 semper
1188 1355 1301 1390 visum
1317 1360 1369 1390 est
1392 1359 1467 1400 ety-

160 1413 372 1458 mologicam,
398 1426 500 1460 quam
524 1415 647 1449 artium
677 1415 855 1461 scriptores
885 1420 1017 1458 vocant,
1054 1415 1209 1460 figuram,
1247 1414 1469 1460 desidemque

162 1472 366 1508 adiectivum
406 1474 460 1509 vel
500 1474 611 1510 simile
650 1474 741 1521 quid.
804 1475 929 1510 Nescio
968 1487 1011 1510 an
1042 1479 1134 1511 certa
1173 1475 1216 1510 sit
1255 1474 1467 1511 emendatio:

151 1535 522 1570 ΕΣΊῪΓΗΜΕΝΗΝ
541 1532 698 1570 ἀσωτίαν
721 1533 885 1584 ἆσωτεῦῃ.
946 1534 1101 1582 Increpat
1131 1540 1226 1581 pater
1249 1535 1378 1571 filium:
1415 1535 1482 1569 inu

158 1592 243 1639 visa,
268 1591 389 1639 inquit,
414 1593 499 1628 mihi
522 1599 573 1629 est
596 1599 655 1629 tua
678 1594 822 1629 luxuria.

269 1660 407 1697 Contr.
428 1662 542 1697 VIIII.
560 1664 672 1706 2539.
698 1676 728 1709 p.
746 1663 871 1706 411‚32
895 1663 943 1698 eis
960 1663 1083 1706 verbiS,
1108 1675 1194 1709 quae
1212 1676 1313 1711 supra
1328 1677 1349 1699 a
1364 1676 1469 1711 prava

157 1720 311 1756 mutandi
335 1721 476 1757 libidine
500 1722 671 1758 vindicare
695 1722 898 1766 studuimus,
923 1722 1113 1758 adnectitur
1127 1722 1348 1758 Euctemonis
1364 1735 1468 1769 quae-

157 1780 233 1814 dam
260 1781 434 1824 sententia‚
465 1782 561 1816 cuius
590 1783 721 1817 tristem
751 1783 896 1830 speciem
925 1782 1158 1828 Kiesslingius
1182 1783 1342 1829 proponit
1365 1783 1468 1818 hanc:

157 1837 289 1882 πάντες
312 1839 473 1887 ἐνόμιζον
496 1840 554 1877 ὅτι
577 1842 781 1887 ΕΘΛΉΡ)
828 1841 945 1878 Prima
968 1842 1070 1877 verba
1093 1841 1267 1877 evidenter
1291 1842 1470 1878 emendata

158 1905 238 1934 sunt
260 1912 281 1934 a
304 1900 489 1946 Bursian03
526 1915 647 1948 parum
675 1915 834 1949 prospere
862 1903 893 1938 ei
925 1902 1088 1938 successit
1116 1902 1259 1938 extremi
1295 1903 1468 1946 correctio,

156 1964 190 1993 et
214 1972 255 1994 ne
278 1960 352 2006 ipse
376 1960 510 2006 quidem
541 1961 719 1996 inventum
749 1974 850 1996 suum
873 1964 1005 2010 σεσῷτο
1034 1962 1070 1997 in
1094 1967 1190 1997 textu
1213 1974 1337 2008 ponere
1361 1974 1466 1997 ausus

156 2023 219 2053 est.
262 2018 349 2054 Mihi
372 2019 456 2055 haec
479 2020 624 2056 occurrit
647 2020 848 2065 emendatio,
866 2033 967 2068 quam
985 2026 1044 2057 tua
1066 2021 1264 2057 assensione
1280 2034 1350 2057 non
1366 2021 1466 2070 plane

266 2133 287 2172 1)
315 2134 476 2165 Leviculus
506 2143 590 2166 error
607 2136 639 2166 in
656 2136 736 2166 illius
757 2138 932 2173 apparatum
950 2136 1085 2166 criticum
1103 2136 1261 2174 irrepsisse
1281 2136 1409 2172 videtur,
1438 2136 1470 2167 in

156 2189 214 2217 quo
231 2183 388 2211 exaratum
407 2184 456 2212 est
468 2182 1041 2219 HANTECEMONZOOHECNATO;
1064 2182 1176 2213 rectius
1196 2182 1277 2212 dedit
1295 2183 1465 2218 Bursianus

158 2227 726 2264 HANTECEMONZONOJIECATO,
755 2229 891 2266 idemque
920 2229 984 2258 sine
1012 2229 1101 2259 dubio
1129 2229 1233 2267 legere
1254 2232 1375 2259 veteres
1405 2229 1467 2259 edi·

155 2276 250 2302 tores:
271 2274 307 2302 cf.
328 2274 373 2303 ed.
393 2274 487 2303 Gron.
506 2283 532 2303 a.
551 2274 770 2304 MDOLXXH.
789 2284 820 2312 p.
840 2278 902 2308 313.
951 2276 1093 2304 Ceterum
1111 2275 1209 2312 ipsum
1228 2284 1345 2311 quoque
1363 2276 1470 2305 Kiess-

154 2319 280 2358 lingium
298 2319 377 2362 idem
396 2319 481 2357 sequi
500 2320 588 2350 docet
606 2320 672 2350 eius
690 2322 808 2358 textus3
829 2320 882 2350 sed
900 2320 1102 2352 adnotandam
1120 2320 1196 2351 hanc
1215 2329 1279 2351 rem
1297 2319 1365 2351 ideo
1385 2320 1475 2360 duxi,
1532 2336 1535 2338 -

155 2373 193 2395 ne
213 2365 278 2403 quis
297 2365 409 2397 inscius
428 2366 460 2396 in
478 2366 612 2397 fraudem
630 2366 783 2398 incideret.
