1740 2765
772 137 993 172 -20-

222 237 352 272 minata
375 248 504 270 meram
528 235 577 270 ibi
602 236 743 271 subesse
771 236 1038 284 dittographiam
1062 237 1397 272 inaminamiciciam.
1454 235 1546 271 Mihi

222 301 336 331 autem
371 295 477 329 alium
515 295 716 341 scrupulum
752 295 809 330 hic
843 295 941 331 locus
977 296 1107 332 iniecit:
1138 307 1278 342 prorsus
1302 296 1471 330 absonum
1494 301 1547 330 est

220 355 306 391 illud
319 356 429 403 felix.
478 354 546 390 Pro
581 367 650 401 quo
685 354 768 402 quid
804 355 939 391 restitui
975 356 1096 392 debeat
1131 354 1275 405 dubium
1298 368 1368 390 non
1394 354 1546 392 videtur:

222 414 367 460 scripsit,
392 414 460 448 nisi
485 414 619 460 egregie
643 414 753 458 fallor,
779 413 923 450 Seneca:
949 430 991 450 em
1027 417 1200 451 lecticario
1228 429 1333 461 usque
1365 417 1403 450 in
1426 418 1547 451 amici-

221 474 304 509 tiam
339 473 501 509 Caesaris
537 474 686 509 enixus
721 487 826 520 usque
861 487 899 509 eo
927 500 936 508 .
964 476 1195 523 ,contempsit
1219 502 1227 510 .
1255 502 1262 509 .
1323 472 1438 509 Semel
1473 480 1548 510 orto

221 534 301 568 enim
324 546 428 579 usque
451 532 526 567 fieri
549 532 620 568 fere
643 545 714 568 non
738 537 870 578 poterat
894 534 978 579 quin
1003 536 1083 570 enim
1098 534 1207 570 abiret
1232 534 1268 568 in
1282 535 1391 581 selim.
1441 532 1546 569 Simi-

225 591 301 626 liter
325 590 416 625 dixit
440 589 520 626 Seu.
547 590 589 626 de
614 591 707 626 brev.
734 591 794 626 vit.
818 591 901 626 XX.
930 593 958 626 1.
985 593 1149 639 quosdam
1181 601 1359 640 antequam
1389 595 1426 628 in
1456 607 1546 628 sum-

221 665 312 686 mum
337 652 531 687 ambitionis
563 652 778 695 eniterentur,
814 651 903 687 inter
930 653 1054 700 prima
1090 653 1249 688 luctantis
1278 660 1370 688 aetas
1399 653 1547 700 reliquit,

222 716 256 745 et
292 710 382 746 Vell.
418 711 492 746 Pat.
528 710 576 745 II.
616 711 716 754 127,1
746 712 878 746 novitas
902 712 1071 758 familiae
1095 712 1190 747 haud
1204 713 1345 756 obstitit,
1372 714 1550 759 quominus

222 771 271 806 ad
305 772 510 820 multiplices
546 771 741 807 consulatus
777 771 1030 819 triumphosque
1066 779 1096 807 et
1131 773 1308 820 complura
1345 773 1551 808 eniterentur

223 831 428 866 sacerdotia.

332 889 463 925 Eorum
488 902 589 937 porro
612 889 774 933 locorum,
800 889 836 924 in
860 889 985 935 quibus
1017 890 1169 935 integrae
1200 891 1341 926 voculae
1374 891 1549 927 addendae

222 949 322 984 nobis
346 948 538 992 videantur,
563 949 695 996 primus
719 949 764 983 sit
788 949 847 995 qui
871 949 1017 985 habetur
1042 948 1159 985 Suas.
1178 950 1206 985 I.
1228 951 1261 986 4.
1286 963 1319 997 p.
1337 951 1414 995 4,2:
1441 979 1449 986 .
1476 977 1483 985 .
1510 952 1551 987 de

221 1009 353 1044 Oceano
377 1016 487 1044 tamen
512 1008 667 1044 dubitant
682 1016 837 1044 utrumne
857 1016 969 1044 terras
992 1010 1081 1044 velut
1102 1011 1274 1045 vinculum
1295 1010 1550 1058 circunfiuat‚¹)

220 1083 266 1104 an
289 1070 327 1104 in
349 1082 448 1104 suum
472 1068 652 1117 colliqatur
685 1069 797 1104 orbem
826 1076 856 1104 et
879 1070 916 1104 in
944 1069 1004 1104 hos
1024 1083 1094 1117 per
1124 1083 1208 1116 quos
1237 1071 1420 1119 navcyatur
1456 1071 1551 1105 sinus

223 1129 326 1175 quasi
338 1129 550 1175 spiramenta
575 1128 741 1174 quaedam
764 1128 1012 1177 magnitudinis
1037 1136 1215 1164 eaeaestuet.
1265 1128 1364 1172 Quid
1389 1129 1458 1163 sint
1481 1131 1551 1177 spi-

222 1194 377 1223 ramenta
400 1187 648 1235 magnitudinis
680 1187 767 1222 mihi
802 1192 892 1223 certe
920 1200 989 1231 non
1018 1187 1137 1234 liquet.
1187 1186 1271 1223 Sine
1295 1188 1400 1223 dubio
1425 1188 1550 1224 excidit

222 1247 440 1290 adiectivum,
477 1259 587 1292 neque
625 1247 724 1282 video
760 1247 843 1293 quid
866 1248 979 1294 aptius
1005 1248 1050 1282 sit
1073 1260 1194 1293 quam:
1220 1250 1323 1295 quasi
1342 1250 1551 1296 spiramenta

224 1307 391 1354 quaedam
416 1307 452 1350 (a
458 1321 491 1342 m
492 1321 523 1355 p
532 1308 546 1342 Ζ
551 1321 573 1342 a
579 1307 606 1352 e)
632 1307 888 1356 maynitudinis.

335 1374 456 1411 Suas.
482 1375 547 1411 III.
572 1376 605 1411 5.
631 1388 662 1423 p.
689 1377 809 1420 26‚16:
846 1377 979 1413 Solebat
1014 1384 1124 1412 autem
1155 1378 1289 1412 Fuscus
1326 1391 1368 1412 ex
1404 1378 1550 1425 Verqilio

225 1438 334 1473 multa
356 1437 500 1479 trahere,
536 1443 572 1471 ut
608 1437 803 1473 Maecenati
834 1439 1033 1486 imputaret:
1069 1438 1164 1473 toties
1196 1439 1284 1473 enim
1300 1451 1371 1486 pro
1396 1438 1550 1484 beneficio

225 1497 392 1532 narrabat
415 1497 453 1531 in
477 1497 596 1543 aliqua
631 1510 666 1531 se
701 1498 898 1545 Verqiliana
934 1497 1160 1545 descriptione
1187 1498 1381 1545 placuisse3
1404 1498 1493 1532 sicut
1515 1498 1551 1532 in

224 1557 288 1592 hac
312 1557 391 1604 ipsa
413 1557 576 1591 suasoria
599 1556 702 1592 dz‘oeit:
733 1554 806 1592 ‘cur
841 1558 903 1592 iste
939 1558 1027 1592 inter
1063 1558 1134 1592 eius
1164 1557 1371 1592 ministeium
1391 1557 1551 1604 placuit?

226 1630 288 1651 cur
323 1617 385 1651 lzoc
418 1629 455 1651 os
487 1616 570 1651 deus
599 1617 717 1663 eleqit?
746 1630 807 1651 cur
835 1618 897 1651 Izoc
925 1618 1067 1651 sortitur
1086 1617 1304 1664 potissimum
1328 1617 1480 1663 Pythius'
1506 1636 1549 1640 -

224 1689 290 1723 quo
315 1682 444 1710 tantum
467 1688 534 1710 non
558 1676 663 1723 impie
688 1676 798 1711 aiebat
826 1689 860 1710 se
884 1677 1053 1711 imitatum
1086 1689 1155 1711 esse
1180 1676 1411 1724 Verqilianum
1440 1676 1551 1723 ‘plena

224 1734 350 1780 deo’?²)
398 1734 441 1770 In
477 1747 544 1781 quo
581 1734 655 1770 loco
692 1739 731 1770 ut
766 1734 808 1770 de
846 1735 991 1781 singulis
1016 1741 1105 1771 recte
1129 1734 1273 1771 iudicari
1297 1734 1417 1782 possit,
1442 1746 1546 1781 quae-

224 1795 370 1831 rendum
395 1794 544 1842 primum
570 1800 632 1838 est,
658 1795 759 1840 quale
775 1794 1013 1840 Vergilianum
1038 1795 1130 1841 quali
1155 1795 1256 1830 modo
1279 1794 1468 1829 imitatione
1492 1807 1551 1829 ex-

224 1853 386 1901 presserit
409 1853 555 1889 Fuscus.
602 1854 838 1898 Kiesslingius
862 1854 1010 1898 margini
1027 1854 1201 1901 appinxit:
1230 1853 1345 1899 ,Verg.
1370 1853 1443 1889 Ecl.
1468 1854 1514 1889 59
1523 1854 1551 1888 ?‘

224 1913 274 1948 At
299 1925 381 1949 vero
405 1912 471 1948 hoc
494 1925 537 1948 ne
562 1917 633 1948 tam
658 1913 856 1949 dubitanter
872 1913 1011 1959 quidem
1027 1912 1137 1948 facere
1154 1913 1315 1949 debebat:
1341 1912 1423 1959 quid
1448 1913 1551 1957 enim,

337 2015 358 2050 ¹)
379 2013 448 2043 Non
469 2014 545 2043 satis
566 2014 758 2044 considerate
778 2014 815 2044 de
835 2014 892 2044 hoe
911 2014 1054 2044 vocabulo
1081 2013 1230 2044 dubitavit
1252 2013 1420 2043 Bursianus
1445 2013 1552 2051 (spicil.

225 2059 293 2089 crit.
311 2068 340 2096 p.
360 2060 391 2096 4)
410 2068 464 2096 pro
485 2068 580 2096 eoque
601 2060 761 2090 substituit
777 2060 887 2090 cludat.
926 2061 1001 2090 Cum
1021 2061 1103 2089 codd*
1119 2060 1175 2089 AB
1195 2060 1356 2089 exhibeant
1372 2059 1469 2099 pluat,
1488 2061 1551 2089 cod.

223 2107 254 2137 V
273 2115 341 2136 cum
360 2106 543 2145 apographis
564 2106 769 2147 cir-cumptum,
781 2110 916 2144 apparet,
930 2106 1071 2143 quoniam
1084 2106 1141 2136 hoc
1155 2105 1192 2135 ab
1211 2105 1430 2142 interpolatore
1449 2107 1551 2136 fictum

224 2161 292 2183 esse
311 2152 425 2190 nequit,
444 2152 475 2182 in
494 2154 657 2191 archetypo
686 2153 842 2183 exstitisse
872 2153 1077 2193 circumpluac,
1104 2152 1135 2181 in
1164 2152 1248 2182 codd.
1267 2152 1323 2181 AB
1349 2154 1450 2181 autem
1481 2155 1552 2190 post

224 2199 372 2229 vinculum
392 2199 537 2229 omissum
556 2208 624 2229 esse
645 2201 763 2230 circum.
810 2201 954 2229 Ceterum
983 2199 1199 2236 Kiesslingius,
1230 2199 1256 2227 si
1286 2199 1372 2227 modo
1403 2199 1551 2228 rationem

226 2255 310 2276 suam
330 2248 507 2276 constanter
527 2247 612 2284 sequi
631 2246 736 2281 voluit,
757 2255 883 2276 exarare
903 2246 1031 2276 debebat
1050 2246 1105 2275 hoc
1124 2246 1180 2275 ita:
1202 2244 1422 2284 (circumffluat.

335 2302 359 2338 ²)
378 2303 515 2339 Apparet
542 2302 642 2339 potius
674 2303 717 2332 sic
747 2302 995 2340 distinguendum
1025 2310 1102 2334 esse,
1130 2304 1166 2330 ut
1189 2303 1260 2338 post
1279 2301 1404 2341 Pythius
1423 2303 1552 2338 ponatur

225 2347 477 2385 interrogationis
499 2348 628 2386 signum,
648 2351 719 2385 post
739 2348 831 2387 plena
856 2348 910 2378 deo
934 2349 1087 2384 punctum.
1106 2362 1142 2367 —
1161 2346 1270 2376 Liceat
1293 2347 1368 2377 mihi
1393 2347 1551 2377 occasione

226 2394 327 2425 oblata
346 2394 462 2424 rectius
490 2394 733 2433 interpungendo
760 2394 921 2424 emendare
951 2394 1075 2423 Gontr.
1104 2393 1129 2423 I.
1158 2393 1270 2430 praef.
1301 2395 1345 2426 20.
1365 2402 1393 2431 p.
1413 2395 1494 2429 65‚13
1513 2392 1552 2423 ad
