1740 2765
788 137 995 172 ...6-

229 238 360 274 viribus
384 237 558 286 praeditus
584 246 688 283 esset,
726 238 851 285 quibus
877 249 951 273 sese
974 250 1088 273 carere
1112 237 1185 284 ipse
1209 237 1399 274 Bursianus
1425 236 1546 286 (praef.

229 311 260 343 p.
286 298 358 341 XI)
392 299 540 343 ingenue
575 298 752 333 confessus
788 302 850 332 est.
913 296 1038 332 Secuta
1073 303 1125 332 est
1160 310 1251 332 anno
1286 298 1320 333 h.
1354 311 1381 333 s.
1406 298 1548 333 LXXII

228 356 330 392 editio
354 356 508 404 Adolphi
532 355 769 402 Kiesslingii1)
795 355 943 403 optimae
967 355 1076 402 frugis
1112 356 1227 404 plena,
1264 368 1331 403 qua
1360 357 1397 392 in
1425 357 1548 392 horum

228 417 393 452 librorum
418 422 451 451 et
474 416 670 452 recensione
706 420 739 451 et
776 415 1011 452 emendatione
1044 417 1251 464 permultum
1275 417 1462 465 profectum
1485 422 1547 453 est.

229 477 388 522 Namque
424 476 465 511 de
501 475 676 511 codicibus
712 476 747 510 in
786 475 1001 519 universum,
1036 476 1161 524 partim
1196 477 1435 523 praeeuntibus
1472 477 1549 512 aliis

230 537 314 571 viris
352 536 471 580 doctis,
509 541 578 571 tam
615 536 719 583 probe
754 535 812 570 ille
848 534 1043 581 iudicavit2)
1080 549 1262 583 eorumque
1296 536 1456 573 lectiones
1481 541 1550 572 tam

231 602 387 631 accurate
422 602 454 630 et
493 594 675 639 diligenter
710 594 897 641 proposuit,
934 595 993 629 vix
1030 600 1067 629 ut
1094 596 1292 641 quidquam,
1322 601 1360 630 ut
1382 608 1474 630 nunc
1496 607 1551 630 res

233 668 305 690 sese
322 655 434 700 habet,
461 653 643 690 desiderari
661 653 780 702 possit,
798 653 865 688 nisi
890 653 981 700 quod
1005 666 1159 690 caremus
1182 654 1293 691 adhue
1309 655 1410 703 plena
1424 654 1550 691 codicis

232 715 405 758 Vaticani,
431 714 522 760 quod
546 713 755 761 archetypon
774 713 899 749 codicis
925 713 1079 749 Toletani
1096 727 1171 750 esse
1188 715 1289 750 evicit
1305 715 1551 762 Kiesslingius,

231 775 427 819 collatione,
464 786 507 809 ex
542 786 611 820 qua
633 773 762 819 aliquid
787 773 931 809 fortasse
956 774 1176 810 emolumenti
1212 775 1394 822 aliquando
1430 775 1550 811 redun-

232 835 336 870 dabit.
383 834 489 869 Porro
529 834 626 869 iactis
662 834 728 869 hoc
762 833 863 868 modo
898 833 1131 870 fundamentis
1168 835 1285 870 solidis
1322 836 1410 871 idem
1437 848 1551 883 super-

233 895 360 929 struxit
395 894 587 929 aedificium
625 893 707 928 satis
744 893 911 928 mundum
952 894 1240 941 perpolitumque‚
1281 895 1404 942 partim
1452 908 1551 930 suum

231 955 339 1002 ipsius
366 959 501 990 secutus
525 953 711 999 ingenium,
737 953 861 1001 partim
886 953 1031 988 aliorum
1068 954 1220 989 virorum
1257 954 1432 990 doctorum
1469 967 1552 990 usus

234 1015 395 1050 inventis.
445 1015 559 1059 Atque
583 1014 729 1060 perbene
753 1013 892 1059 quidem
916 1013 995 1048 fecit
1019 1019 1053 1048 et
1076 1014 1184 1059 iuste,
1210 1015 1449 1070 quod'saeculi
1465 1014 1553 1050 XVI

233 1081 267 1110 et
290 1073 399 1109 XVII
422 1074 629 1117 criticorum,
654 1093 699 1098 —
724 1073 799 1109 Nic.
826 1072 945 1119 Fabri,
982 1073 1027 1108 A.
1054 1071 1198 1118 schotti,
1234 1074 1268 1110 J.
1293 1074 1350 1109 Fr.
1375 1074 1552 1119 Gronovii,

353 1187 372 1219 ¹)
393 1184 427 1214 Si
446 1184 497 1220 qm·
517 1184 763 1213 dissertationem
792 1191 889 1212 meam
918 1182 1092 1221 diligentius
1122 1183 1285 1220 perlecturi
1305 1188 1337 1215 et
1355 1185 1555 1215 examinaturi

237 1236 315 1266 sunt,
345 1232 373 1262 ei
392 1232 469 1261 hano
487 1230 745 1268 Kiesslingianam
765 1230 939 1265 editionem,
968 1238 1026 1266 qua
1045 1229 1137 1259 etiam
1156 1230 1187 1260 in
1207 1231 1382 1261 denotandis
1401 1232 1474 1262 locis
1493 1231 1555 1261 ubi·

236 1288 292 1315 que
308 1283 387 1310 utar,
409 1286 526 1314 semper
538 1277 625 1306 velim
638 1277 675 1305 ad
688 1285 808 1305 manum
821 1276 964 1310 habeant3
978 1284 1068 1312 saepe
1082 1277 1169 1312 enim,
1186 1285 1225 1306 ne
1238 1278 1340 1307 videar
1351 1280 1554 1317 μακρολογεῖν,

235 1334 285 1354 res
306 1333 373 1354 mea
392 1323 531 1361 opinione
550 1323 678 1352 leviores
699 1322 836 1351 consulto
855 1322 1035 1359 praeteribo.
1063 1330 1168 1359 neque,
1188 1331 1206 1352 a
1230 1332 1287 1359 quo
1307 1332 1439 1360 quaeque
1458 1332 1556 1353 emen-

236 1372 317 1401 datio
336 1371 384 1400 vol
404 1372 489 1400 certa
507 1369 556 1399 vel
574 1368 743 1406 probabilis,
764 1377 823 1405 qua
842 1377 908 1398 cum
927 1368 977 1398 illo
997 1371 1076 1404 utar,
1095 1369 1234 1405 profecta
1254 1370 1302 1402 sit,
1322 1370 1499 1399 memorabo.

347 1436 377 1472 2)
398 1434 562 1471 Praecipue
592 1434 622 1462 in
648 1434 712 1462 eius
731 1433 818 1462 laude
838 1433 1005 1469 ponendum
1026 1436 1086 1466 est,
1106 1434 1185 1470 quod
1205 1437 1352 1471 excerpta,
1372 1444 1390 1463 a
1408 1434 1555 1471 prioribus

237 1481 401 1512 editoribus
420 1481 509 1510 nimis
528 1479 685 1509 fastidiose
705 1482 820 1516 spreta,
850 1480 914 1508 fere
942 1479 1048 1516 ubique
1076 1480 1241 1517 prudenter
1260 1483 1291 1510 et
1310 1484 1397 1510 caute
1416 1480 1556 1510 adhibuit.

237 1530 422 1566 Quamquam
443 1530 500 1564 est,
518 1526 570 1555 ubi
589 1526 625 1555 ab
645 1526 710 1555 eius
730 1525 897 1555 rationibus
916 1526 1115 1555 recedendum
1134 1526 1282 1556 videatur.
1320 1526 1415 1556 Velut
1434 1528 1556 1556 Contr.

236 1574 309 1604 VII.
332 1575 401 1606 17‚3.
421 1581 448 1609 p.
468 1574 551 1604 3152
572 1572 725 1600 sententia
744 1574 847 1607 aperte
867 1572 993 1608 flagitat,
1020 1574 1055 1600 ut
1074 1571 1225 1600 scribatur
1244 1573 1403 1601 secundum
1417 1575 1557 1609 excerpta

236 1629 294 1649 non
314 1618 484 1648 credidisset
503 1617 664 1656 Popillium
675 1617 867 1655 facturum
886 1617 1009 1651 (Kiessl.
1031 1617 1114 1647 codd.
1134 1617 1282 1653 pleniores
1303 1620 1424 1646 secutus
1436 1618 1556 1657 secisse)

237 1666 395 1700 Antonius,
413 1665 472 1694 nisi
489 1665 521 1693 in
548 1667 669 1693 mentem
688 1663 734 1692 illi
752 1664 873 1692 venisset
900 1662 983 1692 illum
1008 1667 1034 1693 et
1048 1663 1248 1702 parricidium
1259 1664 1376 1702 fecisse.
1397 1679 1432 1684 —
1454 1663 1556 1700 Neque

236 1711 312 1741 bene
332 1711 452 1740 Contr.
474 1709 576 1739 vnn.
596 1710 669 1743 242.
688 1718 715 1746 p.
735 1710 849 1744 39224:
879 1732 885 1738 .
906 1731 913 1738 .
934 1731 941 1738 .
971 1709 1052 1749 quod
1074 1708 1154 1739 illius
1178 1708 1391 1739 calamitatium
1410 1710 1558 1739 exitium

229 1758 295 1796 suit
315 1766 425 1792 carcer,
443 1765 574 1786 mearum
594 1757 709 1785 initium
729 1755 863 1784 codicum
882 1755 937 1784 AB
962 1755 1108 1792 scriptura
1127 1756 1235 1793 exitum
1252 1755 1397 1792 pellectus
1416 1756 1558 1794 frigidum

239 1804 335 1833 iocum
355 1802 467 1837 intulit,
488 1802 628 1839 neglecta
647 1802 759 1839 optima
779 1801 889 1830 codicis
910 1802 935 1831 Τ
955 1801 1084 1831 lectione
1104 1803 1232 1838 exitus,
1251 1809 1326 1838 quae
1349 1801 1440 1831 etiam
1459 1810 1558 1831 excer-

237 1851 297 1887 ptis
312 1851 515 1885 confirmatur‚
529 1865 564 1869 —
578 1857 645 1877 cum
663 1849 843 1884 praesertim
863 1851 1021 1884 appareat,
1046 1857 1135 1884 quam
1154 1848 1241 1877 facile
1260 1850 1329 1884 post
1348 1847 1560 1877 calamitatium

237 1896 286 1925 ille
301 1904 386 1924 error
398 1895 482 1924 nasci
494 1895 633 1931 potuerit.
656 1911 689 1915 —
711 1894 833 1923 Contr.
855 1894 960 1924 VIIII.
979 1896 1053 1929 285.
1071 1903 1099 1931 p.
1119 1895 1201 1926 4329
1226 1893 1392 1930 asyndeton
1412 1894 1560 1933 coniugem

239 1941 344 1972 liberos
364 1942 424 1971 eius
443 1941 474 1969 in
493 1940 545 1970 illa
564 1940 659 1970 totius
680 1940 826 1970 orationis
846 1940 1083 1970 conformatione
1102 1940 1177 1970 ferri
1198 1938 1311 1976 nequit,
1335 1941 1441 1975 estque
1463 1947 1560 1968 corre-

240 1988 300 2016 ctio
311 1987 481 2016 certissima
491 1995 578 2022 quam
591 1987 784 2022 suppeditant
794 1989 936 2023 excerpta
955 1986 1171 2026 liberosque.
1191 2002 1227 2006 -
1246 1985 1378 2013 Gravius
1396 1993 1484 2021 porro
1504 1988 1560 2014 est.

240 2033 317 2069 quod
338 2033 466 2061 Contr.
486 2032 527 2060 11.
548 2033 618 2065 11‚7.
639 2041 667 2067 p.
689 2034 796 2066 18435,
817 2032 896 2061 sicut
913 2032 1125 2069 pervulgatum
1150 2034 1229 2063 erat,
1249 2031 1353 2060 edidit:
1374 2031 1512 2068 Agedum
1530 2032 1560 2060 in

239 2078 375 2115 medium,
393 2087 489 2114 senex,
508 2079 589 2108 cuius
607 2078 810 2108 misericordia
829 2077 955 2108 erudelis
968 2088 1051 2114 sum;
1070 2086 1127 2115 ego
1147 2079 1230 2106 certe
1243 2076 1314 2105 talis
1334 2075 1443 2112 ellipsis
1463 2084 1560 2105 exem-

239 2125 320 2161 plum
339 2124 453 2153 nullum
472 2124 550 2154 novi.
592 2124 659 2154 Iam
687 2133 758 2154 vero
789 2133 876 2161 quem
905 2124 1110 2154 desideramus
1134 2122 1352 2160 imperativum,
1378 2125 1515 2152 servatus
1534 2123 1561 2152 is

241 2174 288 2200 est
306 2171 337 2199 in
357 2170 507 2207 excerptis
528 2179 603 2206 quae
623 2170 735 2199 habent
748 2170 884 2210 procede.
922 2170 1140 2207 Reponendum
1158 2169 1254 2207 igitur
1273 2176 1393 2198 censeo:
1414 2168 1562 2207 ayedum

242 2216 422 2258 (procede)
452 2218 483 2246 in
510 2216 696 2247 medium...
749 2217 837 2255 Quod
865 2219 966 2246 autem
996 2217 1045 2254 qui
1074 2218 1216 2253 excerpta
1235 2215 1362 2244 confecit
1388 2214 1562 2243 vocabulum

241 2264 368 2303 ayedum
396 2263 505 2296 omisit,
535 2272 589 2293 suo
620 2272 703 2293 more
731 2263 811 2293 fecit.
861 2263 1007 2293 Similiter
1034 2272 1061 2300 p.
1092 2264 1174 2298 4422
1202 2262 1241 2291 H.
1262 2262 1290 2291 J.
1309 2261 1474 2291 Muellerus
1495 2260 1562 2298 (cfr.

240 2310 379 2339 Fleckeis
418 2318 485 2338 ann.
507 2310 604 2340 CVII.
624 2319 651 2346 p.
670 2311 738 2347 5:3⁸2)
770 2310 852 2339 inter
880 2318 913 2339 se
942 2309 1123 2346 comparatis
1153 2311 1186 2337 et
1214 2308 1380 2337 coniunctis
1398 2306 1562 2343 pleniorum

242 2356 375 2386 codicum
390 2359 656 2393 excerptorumque
677 2356 834 2392 scripturis
854 2356 987 2385 Senecae
1006 2363 1126 2384 manum
1146 2354 1290 2383 restituit.
1309 2370 1345 2374 —
1364 2352 1509 2388 Denique,
1527 2355 1564 2381 ut

241 2402 380 2431 ultimum
400 2402 456 2430 hoc
475 2401 612 2434 afferam,
632 2410 692 2431 non
711 2401 816 2438 probo,
837 2401 916 2438 quod
935 2402 1062 2431 Contr.
1082 2400 1120 2430 X.
1140 2402 1230 2434 3216.
1250 2409 1278 2436 p.
1297 2400 1397 2435 489‚24
1416 2398 1563 2435 epitomae
