1683 2802
714 132 940 167 -13-

169 236 207 269 in
230 234 304 277 illa,
328 233 428 280 plane
451 233 598 268 otiosum
622 233 738 267 intulit
761 233 975 269 vocabulum.
1014 232 1220 280 Simpliciter
1243 238 1316 268 erat
1333 233 1477 268 scriben—

170 293 269 327 dum:
295 292 386 328 discit
401 294 489 328 em'm
505 292 563 337 (in)
580 293 643 328 illa
658 293 815 328 subsellia
831 294 982 328 tranm'te.
1008 318 1015 326 .
1041 319 1048 326 .
1074 291 1158 327 Post
1173 294 1261 328 enim
1285 291 1411 327 excidit
1434 293 1482 335 in,

169 356 286 387 eontra
320 364 362 386 ex
397 353 565 388 subselliis
602 351 691 387 male
729 357 946 398 praeceptum
982 357 1034 385 est
1068 353 1136 387 sub.
1197 350 1268 387 Gfr.
1295 365 1327 398 p.
1353 352 1482 395 477,27

169 413 320 448 transibo
344 414 380 448 in
404 413 567 448 subsellia
590 412 692 456 tua.¹)

804 623 879 675 H.

276 760 384 796 Aliud
407 766 460 796 est
483 774 636 796 errorum
659 774 777 806 genus,
802 774 870 808 quo
893 762 930 796 in
955 760 1103 797 Senecae
1128 761 1225 796 libris
1249 760 1480 798 describendis

171 832 430 867 nonnumquam
465 826 691 868 peccaverunt
739 821 895 861 librariis
928 821 1033 856 situm
1068 820 1105 855 in
1150 820 1319 855 turbando
1357 832 1480 856 vocum

167 880 418 927 syllabarumve
441 880 568 916 ordine.
618 880 822 928 Complures
859 881 928 916 iam
963 881 1030 916 loci
1060 880 1218 916 restituto
1248 880 1481 916 tantummodo

166 952 247 975 vero
270 940 387 975 ordine
421 940 511 976 felici
542 946 576 975 et
612 946 703 976 certa
739 941 933 976 coniectura
967 940 1142 988 persanati
1167 945 1256 974 sunt.
1305 940 1344 975 Si
1367 945 1481 975 autem

166 999 333 1035 eiusmodi
357 1000 558 1035 mendorum
582 1012 668 1046 quae
692 1005 875 1035 occurrunt
907 999 1063 1046 exempla
1097 999 1278 1034 intentiore
1302 1011 1382 1034 cura
1405 1012 1481 1046 per-

168 1059 389 1103 scrutaberis,
426 1059 517 1105 quod
551 1059 595 1094 ad
630 1072 747 1094 eorum
772 1059 939 1105 originem
962 1059 1084 1094 attinet
1108 1058 1176 1093 duo
1200 1058 1329 1094 videbis
1353 1059 1479 1094 discer-

166 1118 280 1154 nenda
302 1131 376 1154 esse
400 1131 532 1164 genera.
591 1119 730 1155 Etenim
754 1119 932 1166 archetypi
957 1118 1102 1166 scriptor
1125 1124 1186 1153 aut
1209 1119 1357 1166 primum
1382 1119 1479 1155 aber-

166 1178 320 1213 rantibus
344 1178 450 1214 oculis
475 1178 844 1224 transiluit-quaedam,
881 1190 968 1224 quae
999 1177 1121 1213 deinde
1150 1179 1193 1213 ab
1218 1179 1293 1226 ipso
1318 1178 1372 1213 vel
1396 1179 1479 1213 sim-

166 1237 298 1284 pliciter
322 1238 472 1273 subiecta
494 1238 568 1273 loco
592 1250 661 1273 non
688 1250 750 1273 suo
776 1243 955 1273 servarunt
979 1237 1033 1273 vel
1065 1237 1294 1285 superscripta
1321 1237 1480 1273 additave

171 1297 207 1332 in
231 1298 385 1343 margine
409 1309 471 1332 suo
494 1298 604 1332 Marte
628 1297 714 1332 falso
739 1297 813 1332 loco
841 1298 877 1331 in
901 1297 1269 1349 textum-inseruerunt
1284 1297 1480 1344 posterioris

167 1357 327 1404 temporis
358 1356 531 1402 librarii‚²)
560 1376 607 1383 -—-
635 1362 693 1391 aut
723 1356 898 1404 complura
922 1357 1025 1391 verba
1049 1356 1192 1402 legendo
1216 1356 1412 1404 complexus
1443 1357 1479 1391 in

168 1416 345 1452 scribendo
369 1417 532 1452 memoria
555 1416 713 1464 deceptus
738 1422 790 1452 est
818 1417 1068 1462 verborumque
1092 1416 1246 1451 ordinem
1281 1416 1354 1463 ipse
1388 1416 1478 1451 invi-

165 1483 220 1512 tus
255 1478 420 1522 turbavit,
456 1489 558 1523 quem
592 1477 766 1511 turbatum
806 1476 1009 1522 posteriores
1050 1487 1166 1511 secure
1200 1476 1476 1522 propagarunt.⁵)

164 1536 288 1582 Pauca,
312 1549 398 1583 quae
421 1549 498 1572 mea
522 1536 687 1571 sententia
711 1535 777 1571 huc
794 1535 974 1582 pertinent,
1001 1535 1060 1570 sed
1077 1535 1271 1571 criticorum
1288 1535 1475 1570 sollertiam

164 1596 293 1642 fugisse
317 1596 483 1642 videntur,
508 1596 576 1631 iam
600 1595 778 1631 coniuncta
801 1607 999 1642 proponam.

237 1713 241 1716 .
277 1689 300 1725 1)
320 1687 425 1718 Paullo
444 1689 515 1724 post
534 1687 574 1724 (v.
595 1687 625 1723 9)
646 1686 696 1715 ubi
715 1685 798 1716 codd.
818 1685 931 1714 habent
954 1685 1100 1725 subripuit
1127 1685 1194 1721 sed,
1221 1685 1312 1714 miror
1332 1684 1478 1714 Kiesslin-

164 1736 245 1772 gium
265 1735 415 1764 Gronovio
435 1734 689 1769 obtemperantem
712 1732 840 1761 edidisse
864 1732 1060 1771 corripuisset.
1097 1731 1298 1761 Verissimum
1316 1734 1366 1761 est
1383 1731 1478 1762 &Abri-

159 1782 283 1820 puisset:
303 1780 379 1809 dixit
398 1779 477 1809 enim
496 1779 606 1808 stultus
626 1778 730 1807 rhetor
749 1785 870 1806 sensum
888 1777 970 1806 illum
989 1777 1085 1806 Cestii
1105 1776 1137 1814 (ξ
1156 1777 1186 1814 2)
1208 1780 1362 1813 tamquam
1382 1786 1478 1815 suum,

163 1826 296 1855 fortasse
316 1825 406 1855 etiam
426 1824 557 1861 speravit
575 1832 607 1853 se
627 1824 659 1853 in
678 1823 759 1852 furto
779 1831 839 1852 non
868 1822 1084 1859 deprehensum
1108 1822 1155 1852 iri.
1180 1823 1242 1851 Cfr.
1269 1831 1297 1859 p.
1317 1824 1402 1860 27,15
1419 1834 1478 1854 non

163 1871 344 1911 subripiendi
362 1880 462 1907 causa,
479 1870 532 1900 sed
543 1869 650 1909 palam
667 1868 832 1905 mutuandi,
849 1868 903 1898 hoc
921 1869 1030 1905 animo,
1046 1873 1080 1898 ut
1097 1868 1180 1899 vellet
1199 1870 1331 1907 aynosci.

273 1926 471 1965 &Quomodo
500 1928 587 1955 ortus
614 1924 683 1954 talis
712 1932 799 1953 error
824 1923 917 1953 latius
943 1923 1103 1960 serpserit,
1132 1923 1300 1953 luculenter
1328 1927 1480 1954 monstrat

163 1974 247 2004 locus
265 1974 350 2004 valde
368 1972 567 2003 memorabilis
587 1980 614 2009 p.
633 1972 742 2006 29724.
789 1969 918 2007 Scripsit
936 1969 1052 2000 Seneca
1077 1969 1161 2001 video
1187 1970 1261 2011 quid
1285 1970 1394 2001 velim.-
1415 1981 1479 2002 sen-

165 2022 270 2052 tentias
283 2021 384 2060 potius
403 2019 507 2050 audire
527 2028 616 2059 quam
634 2019 721 2048 iocos.
733 2017 806 2057 fiat:
824 2017 924 2046 audite
942 2026 1002 2057 eq&
1057 2017 1118 2054 Qui
1135 2020 1311 2047 nostrorum
1330 2018 1413 2048 codd.
1433 2026 1479 2047 ar-

165 2067 313 2104 chetypon
332 2066 469 2096 exaravit
493 2064 594 2095 omisit
611 2064 683 2104 fiat,
706 2063 812 2093 deinde
838 2062 1049 2100 superscripsit
1073 2063 1215 2093 vocabulo
1240 2064 1350 2094 audite.
1388 2064 1479 2094 codd.

1192 2110 1251 2150 fiat

165 2149 221 2180 AT
239 2149 355 2188 librarii
378 2148 507 2178 fideliter
525 2149 739 2185 expresserunt
752 2146 904 2183 archetypi
916 2147 1091 2176 memoriam
1109 2147 1154 2177 ita
1172 2147 1287 2184 audite;
1306 2147 1481 2185 displicebat

164 2195 238 2225 haec
251 2194 397 2236 scribendi
408 2194 487 2224 ratio
500 2194 563 2223 cod.
574 2193 600 2222 Β
614 2192 746 2230 librario,
756 2192 874 2229 scripsit
886 2192 987 2222 audite
993 2192 1063 2231 fiat,
1073 2193 1281 2229 pessumdedit
1293 2193 1481 2223 sententiam.

276 2250 300 2288 ¹)
318 2243 456 2288 Exempli
473 2248 573 2288 gratia
597 2246 654 2278 cfr.
682 2256 709 2285 p.
739 2247 821 2280 4029
849 2246 907 2281 ubi,
938 2256 1004 2277 cum
1034 2255 1138 2278 omnes
1158 2247 1242 2278 codd.
1261 2248 1411 2286 pleniores
1430 2257 1479 2278 ex—

165 2298 286 2327 hibeant
304 2299 336 2327 in
356 2297 460 2338 quibus
471 2294 590 2335 factum
608 2290 726 2334 defendi
750 2303 810 2323 non
831 2298 939 2332 potest,
968 2296 1103 2325 excusam·
1126 2300 1233 2334 potest,
1261 2299 1479 2333 peropportune

165 2341 250 2374 nobis
270 2342 452 2374 succum-unt
470 2342 640 2379 excerpta‚'
656 2348 741 2377 quae,
771 2338 849 2376 quod
875 2340 1049 2369 sententiae
1078 2341 1166 2370 unice
1195 2341 1345 2376 convenit,
1376 2350 1479 2372 serva-

165 2385 276 2421 verunt
294 2392 325 2422 in
345 2401 372 2432 q.
383 2390 413 2430 s.
433 2389 552 2430 desmdi
560 2392 671 2429 potest,
688 2387 823 2417 excusavi
840 2396 904 2423 non.
913 2392 1021 2427 potest.
