1740 2765
733 136 961 171 *24-

182 248 316 284 minuta
339 248 505 295 quaedam
522 248 647 284 menda
662 249 831 296 corrigere
856 263 956 297 posse
979 250 1077 286 nobis
1102 248 1268 295 videmur,
1293 262 1384 286 nunc
1401 261 1504 285 unam

183 308 418 344 tantummodo
442 321 526 355 rem,
550 320 637 355 quae
661 309 729 345 huc
745 310 892 345 maxime
907 312 1063 359 pertinet,
1087 309 1317 346 tractabimus.
1364 309 1504 345 Etenim

182 370 204 411 ξ
231 369 283 404 13.
304 381 337 416 p.
365 369 489 413 159‚16
512 369 641 416 optime
664 370 822 405 restituta
851 376 933 405 sunt
956 371 1054 407 haec:
1084 372 1159 419 quis
1182 371 1269 406 enim
1293 378 1363 406 tam
1378 371 1504 419 pravis

181 429 345 463 oblectare
369 429 520 464 animum
543 430 762 464 imitamentis
778 431 904 477 possit,
930 432 966 466 si
978 444 1059 466 vera
1075 431 1287 480 coqnoverit?
1314 435 1503 475 sequuntur

182 487 281 531 haee,
312 499 399 533 quae
431 500 553 524 manca
582 500 658 524 esse
688 488 757 523 iam
780 488 914 536 pridem
938 489 1148 527 intellectum
1172 494 1238 527 est:
1287 488 1447 525 Videlicet
1469 496 1505 524 ut

181 548 373 595 infantibus
402 562 487 595 quae
522 550 620 597 tanyi
644 549 948 597 comprehendique
976 551 1132 586 manibus
1160 558 1218 585 aut
1246 551 1323 585 sinu
1347 556 1504 598 possunt.

181 605 286 650 Quod
309 607 447 651 nem0¹)
472 619 577 642 ausus
602 612 654 642 est
677 607 810 642 hiatum
834 607 980 654 explere,
1013 608 1103 652 inde,
1129 614 1168 643 ut
1191 621 1267 644 mea
1290 609 1355 644 fert
1378 608 1503 655 opinio,

182 666 310 701 factum
334 672 396 707 est,
421 666 511 713 quod
536 667 637 715 plura
660 666 845 702 desiderari
870 668 1127 713 augurabantur
1152 669 1217 705 viri
1241 668 1341 705 docti.
1392 667 1501 714 Atqui

182 738 368 772 possumus
404 726 496 761 facili
532 739 637 773 opera
665 738 826 773 praesens
856 726 1043 762 remedium
1077 727 1253 773 adhibere3
1288 729 1400 763 insere
1428 731 1506 774 post

180 794 324 833 possunt
354 799 463 822 unum
494 785 700 823 vocabulum
721 787 912 835 placent:
949 785 1036 822 nihil
1065 786 1213 835 amplius
1248 786 1505 831 desiderabitur,

183 847 352 882 constabit
391 847 577 888 verborum
615 851 795 890 structura,
836 847 1007 882 constabit
1043 847 1220 891 sententia,
1257 859 1343 893 quae
1387 847 1505 883 eadem

182 906 359 954 aptissime
383 906 571 954 excipietur
595 906 815 952 sequentibus
842 906 955 942 verbis
979 919 1058 942 cum
1081 906 1211 941 Haasio
1236 906 1310 941 sine
1334 906 1437 942 dubio
1457 906 1506 942 sic

182 966 448 1003 constituendis:
484 981 565 1002 nam
587 980 711 1014 mayna
734 980 801 1001 non
825 967 918 1013 capit
943 967 1067 1014 eaeiqua
1089 980 1190 1001 mens.

295 1042 439 1080 Contr.
464 1044 511 1079 II.
541 1044 650 1088 ll‚18.
677 1056 710 1091 p.
737 1044 876 1088 191‚16:
927 1043 1059 1079 Eadem
1084 1044 1205 1092 fiqura
1240 1043 1442 1078 declamavit
1476 1050 1506 1078 et

183 1106 295 1153 Hispo
319 1105 521 1150 Romanius,
544 1104 607 1140 scd
629 1105 768 1140 transiit
791 1105 944 1140 mollius:
973 1105 1044 1139 scio
1070 1103 1155 1151 quid
1176 1103 1380 1151 responderi
1393 1104 1508 1151 possit

181 1165 286 1200 mihi.-
310 1165 426 1212 facile
462 1171 509 1199 est
544 1164 723 1199 domestico
747 1164 860 1199 iudici
881 1164 1099 1210 satisfacere3
1134 1163 1252 1198 videro
1280 1170 1320 1207 te,
1357 1176 1431 1197 cum
1462 1163 1510 1197 ad

182 1232 304 1272 raptae
325 1231 466 1272 patrem
490 1225 632 1259 veneris.
666 1223 764 1259 Haec
787 1235 898 1270 neque
914 1235 977 1268 ego
993 1222 1155 1268 intellego
1172 1233 1281 1268 neque
1297 1221 1508 1257 intellexisse

185 1283 319 1318 videtur
336 1283 587 1328 Kiesslingius;
612 1283 685 1329 ipse
706 1283 743 1317 in
760 1282 979 1317 adnotatione
1004 1281 1088 1316 haec
1111 1281 1304 1328 proposuit:
1330 1282 1370 1315 ab
1388 1289 1508 1329 raptae

179 1351 283 1393 patre
306 1356 436 1388 venero,
462 1355 549 1389 quae
569 1342 678 1378 fateor
695 1354 750 1377 me
766 1355 835 1377 non
853 1341 963 1388 magis
988 1340 1196 1387 intellegere.
1245 1340 1406 1376 Dilucida
1421 1341 1509 1376 fiunt

183 1404 310 1447 omnia,
337 1404 367 1438 si
391 1404 438 1438 ita
464 1403 624 1439 scribitur
647 1408 681 1438 et
697 1402 937 1448 distinguitur:
974 1403 1045 1437 scio
1071 1401 1156 1448 quid
1178 1401 1381 1449 responderi
1398 1403 1508 1449 possit

182 1465 284 1500 mihi.-
320 1462 438 1511 ffacile
468 1470 516 1498 est
545 1463 724 1498 domestico
764 1462 878 1498 iudici
907 1463 1128 1509 satisfacere:
1164 1460 1310 1496 videro
1340 1460 1428 1505 (de)
1453 1468 1507 1503 te,

183 1538 259 1559 cum
283 1524 333 1559 ab
361 1531 482 1571 raptae
505 1531 633 1571 patre
656 1521 817 1566 veneris,’
844 1541 887 1546 —
912 1521 947 1556 id
971 1526 1039 1556 est:
1076 1532 1156 1555 cum
1180 1519 1382 1555 iudicaverit
1405 1519 1447 1555 de
1472 1525 1505 1554 te

184 1588 301 1630 raptae
330 1587 432 1630 pater.
487 1581 559 1618 Cfr.
586 1581 663 1616 Ter.
689 1580 775 1616 Hec.
800 1580 863 1616 IV.
888 1580 967 1624 4,78
994 1588 1072 1629 post
1105 1580 1146 1615 de
1174 1587 1281 1614 matre
1309 1578 1436 1614 videro.
1462 1598 1506 1603 ——

184 1642 234 1678 Ut
268 1642 326 1678 hic
361 1642 410 1677 ad
443 1653 505 1689 pro
541 1642 583 1676 ab
619 1640 783 1687 scriptum
821 1645 884 1683 est,
920 1640 968 1674 ita
1003 1644 1121 1674 contra
1151 1651 1186 1686 p.
1214 1638 1338 1682 181,2o
1369 1650 1431 1685 pro
1461 1638 1509 1672 ad

184 1703 332 1738 alienam
355 1700 428 1736 cod.
453 1700 495 1735 B.
520 1699 659 1735 exhibet
683 1700 724 1735 ab
749 1701 873 1735 aliena.

293 1778 447 1814 Paullo
471 1784 565 1826 post
590 1779 611 1821 ξ
636 1780 692 1814 20.
718 1790 751 1824 p.
778 1777 879 1821 192,4
909 1777 1075 1811 habemus
1105 1775 1219 1810 locum
1250 1787 1271 1809 a
1294 1774 1507 1819 Kiesslingio

185 1839 360 1887 aliquanto
373 1839 496 1875 melius
510 1851 612 1886 quam
626 1851 647 1874 a
663 1837 833 1886 prioribus
848 1836 1048 1872 distinctum
1063 1836 1306 1883 scriptumque,
1321 1833 1380 1869 sed
1393 1838 1508 1870 tamen

184 1900 337 1935 nondum
350 1899 394 1934 ad
410 1900 579 1934 amussim
595 1898 830 1934 emendatum:
855 1898 987 1933 Cestius
1000 1896 1074 1940 (ex)
1089 1897 1198 1931 altera
1206 1902 1310 1942 parte
1324 1896 1385 1930 hoc
1399 1896 1508 1931 colore

185 1975 267 1996 usus
295 1968 353 2005 est,
391 1961 472 2007 quia
500 1960 659 2007 priorem
688 1965 839 2006 rogasset
867 1964 989 2005 raptae
1017 1964 1176 2004 patrem:
1218 1968 1415 2002 suspensum
1440 1968 1509 1990 esse

186 2019 330 2064 (nolui),
347 2020 444 2054 volui
461 2020 576 2054 statim
589 2019 685 2053 illum
698 2031 852 2052 securum
866 2030 934 2052 esse
948 2017 989 2051 de
1004 2028 1071 2059 me3
1097 2016 1250 2062 queritur
1263 2027 1327 2060 eqs.
1354 2013 1510 2049 Primum

185 2080 365 2116 offensioni
395 2079 482 2114 mihi
511 2084 564 2114 est
596 2080 688 2126 quia,
721 2090 767 2113 ex
797 2089 864 2123 quo
894 2077 963 2112 leni
992 2075 1180 2111 mutatione
1210 2073 1428 2110 efficiendum
1458 2078 1511 2108 est

188 2141 327 2189 q'uare.
365 2139 408 2178 cf.
426 2153 459 2187 p.
476 2140 603 2184 348,13
621 2140 727 2175 Latro
745 2139 889 2174 colorem
906 2152 927 2173 a
939 2137 1005 2185 fili
1018 2143 1129 2185 parte,
1153 2148 1257 2182 quare
1278 2148 1345 2170 non
1362 2135 1512 2170 vitiasset

297 2252 318 2288 ¹)
342 2250 436 2282 Video
456 2257 552 2287 nuper
569 2251 671 2278 tamen
694 2247 858 2285 periculum
882 2245 991 2276 fecisse
1017 2243 1183 2275 Sanderum
1203 2244 1253 2281 (in
1272 2243 1418 2274 Fleckeis.
1443 2251 1511 2272 ann.

186 2297 316 2329 CXVII.
325 2306 353 2334 p.
363 2297 443 2333 789);
464 2296 514 2333 qui
529 2295 607 2332 quod
621 2294 706 2324 nobis
724 2293 834 2323 obtulit
848 2291 981 2322 vide-licet
995 2295 1027 2321 ut
1045 2290 1184 2330 infantes,
1197 2291 1249 2331 qui
1261 2300 1353 2331 quae.
1366 2313 1373 2320 .
1386 2292 1513 2329 possunt

186 2343 375 2383 (arripiunt).
404 2352 445 2373 an
472 2351 583 2381 maqna
612 2350 682 2381 εφη,
712 2341 738 2369 si
763 2338 938 2376 simpliciter
956 2336 1188 2374 repudiabimus,
1215 2345 1302 2366 nemo
1321 2335 1436 2365 fastidii
1455 2343 1511 2363 nos

187 2390 347 2419 incusabit.
