1740 2765
773 123 1002 158 -22—

223 220 381 254 notitiam
407 221 467 254 uni
492 220 642 256 Senecae
666 222 845 266 debemus,
870 236 940 259 non
963 222 1167 270 composuit,
1197 222 1280 257 dum
1304 223 1378 271 ipse
1401 222 1546 259 Germa—

221 279 321 313 nicus
346 277 524 314 Oceanum
548 280 735 326 navigatl)
783 281 856 318 Cfr.
881 295 915 330 p.
932 282 1059 326 409,25
1083 282 1174 317 dixit
1196 282 1234 317 in
1257 282 1473 327 Flaminino,
1498 282 1545 317 si-

220 339 413 386 militerque
436 352 471 387 p.
495 339 611 384 411‚5.
636 341 775 386 507,14.
801 362 845 367 —
869 342 988 390 Atque
1010 342 1125 378 nescio
1148 355 1193 378 an
1216 341 1320 378 etiam
1343 341 1491 379 Oontr.
1516 342 1545 378 Ι.

220 399 309 443 7,14.
335 412 368 445 p.
397 400 521 443 127‚15
557 408 588 435 et
623 401 760 445 adiecit,
798 403 890 450 quod
924 403 1036 438 aiebat
1063 410 1286 451 praeceptore
1320 416 1382 438 suo
1417 403 1547 439 dicente

219 473 354 494 summa
385 473 460 495 cum
492 460 722 497 admiratione
751 470 941 510 eoeceptum,
973 463 1064 499 illud
1090 464 1235 498 Homeri
1258 463 1398 499 Priamo
1429 470 1547 511 aptum

220 532 304 565 eqs.‚
335 518 372 553 in
409 530 477 565 quo
515 519 584 554 iam
622 519 680 556 W.
716 520 907 557 Muellerus
943 521 1063 566 haesit,
1098 521 1345 558 restituendum
1373 521 1432 557 sit:
1457 522 1548 558 illud

222 579 368 614 Homeri
389 578 457 623 (in)
481 580 624 615 Priamo
649 580 675 615 d
682 581 814 636 ictum.

333 655 438 692 Suas
463 657 506 692 V.
528 659 560 693 2.
580 671 612 705 p.
631 658 751 701 3122:
768 659 864 693 Haec
888 672 946 707 eqo
962 667 1104 707 tropaea
1128 659 1170 694 de
1190 653 1247 704 (te)
1263 660 1379 707 posui,
1403 660 1485 694 haec
1507 660 1545 694 in

221 718 324 752 totius
348 724 526 766 conspeetu
549 718 718 753 Graeciae
739 719 854 762 statui,
878 732 920 754 ne
944 721 1021 766 quis
1042 720 1172 754 timeret
1188 719 1338 754 Xerxem
1353 720 1544 755 minantem.

222 775 390 812 Codicum
425 778 595 825 scriptura
630 778 671 814 de
687 780 799 827 posui
818 778 918 813 nihili
942 784 1004 823 est,
1030 770 1182 827 deposui,
1218 779 1310 825 quod
1340 778 1545 824 quibusdam

221 836 408 872 editoribus
444 838 582 885 placuit,
622 843 791 885 repugnat
829 838 1021 873 Latinitati.
1081 837 1198 881 Quare
1233 838 1467 882 Kiesslingius
1503 838 1545 873 de

222 896 332 943 ipsius
356 897 552 933 coniectura
575 897 720 933 inseruit
743 905 791 942 te3
818 897 876 933 sed
905 897 998 932 idem
1026 898 1131 945 praef.
1169 911 1202 945 p.
1239 897 1314 933 XII
1349 897 1548 946 παλινῳδετ

221 956 286 991 hoc
309 957 427 993 modo:
453 970 556 1001 ,nunc
571 970 627 992 me
643 958 792 1005 paenitet
812 957 904 1003 quod
921 957 1151 993 coniecturam
1170 957 1327 993 fallacem
1345 958 1386 992 de
1403 959 1548 1006 teposui

220 1016 429 1052 certissimae
443 1016 652 1063 Schultingii
666 1017 906 1053 emendationi:
918 1017 996 1053 ideo
1004 1019 1111 1066 posui
1114 1017 1282 1065 praetuli.‘
1299 1016 1544 1053 Verumtamen

221 1076 410 1111 fervent-ius
434 1077 547 1123 egisse
571 1077 657 1112 mihi
682 1077 833 1114 videtur:
850 1077 994 1121 etenim,
1020 1081 1058 1111 ut
1075 1077 1167 1123 quod
1183 1077 1256 1125 ipse
1273 1077 1449 1124 proposuit
1463 1077 1545 1112 ferri

220 1137 340 1182 nequit
376 1137 460 1180 (non
497 1137 600 1172 habet
634 1137 721 1172 illud
756 1146 786 1172 te
822 1149 890 1183 quo
926 1137 1120 1181 referatur),
1157 1137 1205 1171 ita
1237 1136 1442 1183 Schultingii
1468 1137 1544 1172 ideo

221 1201 337 1243 aperte
361 1196 487 1231 falsum
512 1202 691 1244 propterea
714 1202 783 1241 est,
814 1197 906 1243 quod
930 1197 1129 1244 pessumdat
1153 1197 1357 1232 rhetoricam
1381 1197 1544 1232 orationis

220 1257 534 1293 conformationem.
582 1258 764 1293 Habemus
789 1256 990 1306 ἀναφορὰν,
1020 1270 1124 1304 quam
1155 1257 1369 1303 grammatici
1404 1261 1543 1301 vocant3

220 1316 304 1351 haec
327 1317 468 1363 flagitat,
493 1324 531 1352 ut
554 1323 614 1352 aut
638 1323 782 1363 utroque
805 1322 865 1352 aut
888 1323 1010 1352 neutro
1034 1318 1109 1352 loco
1133 1323 1281 1363 ponatur
1304 1318 1390 1352 ideo.
1432 1317 1544 1351 Immo

219 1381 349 1412 rectam
393 1378 486 1414 viam
527 1378 704 1425 ingressus
739 1383 792 1414 est
832 1377 1077 1424 Kiesslingius,
1113 1382 1166 1413 est
1200 1381 1314 1412 autem
1353 1376 1459 1413 oratio
1498 1376 1546 1412 ita

219 1438 448 1475 resarcienda:
473 1440 555 1474 haec
580 1454 637 1487 eyo
662 1448 803 1487 tropaea
827 1440 868 1473 de
893 1439 1070 1482 (Persis)
1086 1440 1197 1486 posui
1218 1452 1283 1484 eqs.

330 1515 444 1553 Suas.
470 1517 552 1553 VII.
578 1519 609 1553 8.
635 1531 668 1566 p.
692 1519 788 1564 53,4:
814 1518 931 1553 Arelli
959 1518 1069 1553 Fusci
1081 1518 1211 1566 patris.
1270 1516 1391 1560 Quoad
1427 1517 1546 1552 huma-

218 1591 299 1613 num
318 1592 424 1626 yenus
448 1579 613 1613 incolume
637 1579 812 1622 manserit,
839 1605 846 1612 .
874 1605 880 1612 .
908 1605 916 1613 .
942 1577 1145 1612 admirabile
1167 1578 1319 1625 posteris
1349 1577 1470 1624 viqebit
1493 1578 1546 1611 in-

215 1639 352 1686 qenium
382 1646 412 1674 et
440 1652 507 1674 uno
534 1639 753 1686 proscriptus
785 1639 919 1673 saeculo
943 1638 1143 1686 proscribes
1172 1636 1360 1672 Antonium
1384 1637 1544 1671 omnibus.

218 1697 379 1732 Demiror
404 1698 578 1733 neminem
604 1698 754 1733 sensisse
778 1702 856 1744 post
880 1699 1051 1745 inqenium
1067 1696 1317 1732 restituendum
1333 1707 1409 1730 esse
1425 1704 1544 1739 tuum,

221 1757 314 1804 quod
338 1757 395 1794 hic
420 1771 490 1794 non
514 1758 630 1794 minus
654 1757 886 1793 necessarium
912 1761 965 1792 est
989 1769 1092 1804 quam
1117 1755 1208 1791 infra
1231 1768 1264 1792 v.
1293 1756 1345 1791 19.

328 1837 469 1873 Contr.
495 1837 523 1872 I.
548 1838 642 1881 2,10.
669 1851 702 1885 p.
727 1837 832 1881 86‚15
867 1850 934 1872 non
972 1849 1114 1884 possum
1137 1849 1159 1871 a
1181 1849 1237 1872 me
1271 1835 1471 1883 impetrare,
1508 1840 1546 1870 ut

218 1897 408 1944 adstipuler
432 1897 616 1941 Bursiano,
654 1897 725 1943 qui,
762 1909 840 1931 cum
876 1896 958 1931 libri
981 1895 1181 1931 exhibeant:
1217 1897 1468 1944 castiyationem
1503 1909 1546 1930 eae

211 1958 388 2006 pontificis
406 1958 556 1993 maximi
566 1964 735 1992 meruerat
747 1956 919 2000 sacerdos,
942 1957 978 1991 si
998 1963 1028 1991 te
1044 1970 1061 1991 e
1080 1956 1247 2004 lupanari
1259 1954 1463 1999 redemisset,
1486 1966 1545 1989 ex-

218 2030 371 2065 pungere
394 2030 458 2053 nos
483 2018 578 2053 iubet
601 2017 760 2053 voculam
790 2031 841 2053 eoe.
903 2015 1043 2051 Rationi
1077 2015 1189 2061 magis
1221 2014 1378 2051 convenit
1412 2014 1544 2062 expleto

217 2077 350 2113 defectu
374 2077 540 2113 scribere:
567 2091 609 2112 ex
625 2078 805 2125 pontificis
830 2077 978 2111 maa-imi
999 2074 1209 2123 (imperio)
1239 2082 1407 2110 meruerat
1430 2088 1544 2110 saeer-

217 2138 279 2175 dos
303 2152 369 2186 eqs.

329 2207 474 2245 Contr.
491 2208 519 2243 I.
537 2208 629 2252 2,20.
647 2221 680 2255 p.
698 2207 817 2253 91‚20:
842 2207 989 2242 Multum
998 2213 1112 2254 potest
1132 2205 1180 2240 ad
1190 2204 1394 2253 flectendum
1416 2219 1545 2253 quoque

214 2269 345 2319 pudici
366 2270 478 2305 animi
501 2269 717 2317 propositum
740 2268 855 2311 hostis,
881 2265 1039 2315 yladius:
1074 2278 1141 2300 non
1164 2265 1361 2309 succumbet,
1390 2266 1492 2301 immo
1513 2266 1549 2301 si

334 2389 356 2425 ¹)
375 2388 423 2417 De
443 2396 501 2425 qua
520 2387 715 2425 navigatione
735 2386 788 2415 cfr.
809 2386 881 2415 Tac.
901 2392 969 2413 ann.
988 2383 1031 2413 H.
1050 2384 1087 2416 23
1106 2392 1150 2420 sq.
