1683 2802
715 153 941 188 ..51-

164 263 222 302 eet,
248 268 350 304 rupes
373 256 542 302 utrimque
565 257 615 290 ita
639 256 788 291 abscisae
811 263 897 299 suut,
922 262 959 291 ut
983 255 1118 303 despici
1137 256 1197 290 vix
1220 255 1292 290 sine
1316 255 1480 303 vertiqiue

165 315 314 363 quadam
348 316 454 350 simul
486 316 658 350 oculorum
693 317 862 363 animique
881 317 1003 364 possit,
1038 335 1084 339 —
1120 322 1221 351 terret
1244 323 1274 350 et
1297 316 1426 351 sonitus
1450 322 1480 351 et

162 374 306 410 altitudo
322 388 391 422 per
413 374 560 418 mediam
583 375 705 409 vallem
716 376 858 421 fluentis
882 376 987 411 Penei
1011 377 1131 410 amnis.

788 493 850 529 VI.

275 552 362 588 IuV.
388 550 470 588 Sat.
496 552 564 587 294
588 564 639 598 sq.
672 552 715 587 ad
739 553 830 588 hunc
854 553 994 588 modum
1017 553 1173 588 restituo:

327 613 457 646 nullum
480 613 607 647 crimen
631 613 721 647 abest
733 614 944 660 facinusque
968 613 1132 656 libidinis,
1157 626 1199 648 ex
1224 626 1287 658 quo

321 679 515 719 paupertas
538 672 694 707 Romana
710 674 816 719 perit.
846 673 924 707 hinc
937 673 1047 720 fluoeit
1069 671 1234 720 Abydos

329 737 359 765 et
383 730 524 777 Sybaris
539 732 719 778 pollens,
745 733 823 767 hino
847 739 877 767 et
901 731 1039 767 Rhodos
1063 739 1093 766 et
1116 732 1251 767 Miletos

331 797 430 837 atque
453 798 647 826 coronatum
670 798 700 826 et
715 791 876 839 petulans
899 790 1139 837 madidumque
1162 791 1351 826 Tarentum.

272 849 357 885 God.
398 849 437 884 P.
479 863 511 884 v.
547 850 616 886 295
652 851 699 886 ad
732 850 831 886 indos
873 850 949 895 (cfr.
991 850 1119 886 Athen.
1160 849 1244 886 XII.
1287 863 1359 898 cap.
1403 849 1475 894 28),

163 922 195 945 v.
220 909 289 945 296
313 911 421 945 colles.

776 1002 856 1036 VH.

273 1069 423 1116 Hymn.
450 1070 566 1105 Hom.
591 1071 632 1104 in
656 1070 794 1116 Apoll.
820 1070 911 1105 Del.
936 1083 967 1104 v.
994 1071 1059 1106 162
1089 1082 1139 1115 sq.

328 1129 477 1165 πάντων
501 1129 751 1177 δ’ἀνθριόπων
786 1129 906 1177 φωνὰς
940 1131 999 1164 καὶ
1022 1129 1300 1177 κρεμβαλιαστύν

329 1188 492 1234 μιμεῖσθ’
521 1192 648 1225 ἴσασιν.

164 1262 225 1296 pro
249 1249 363 1295 inepto
389 1253 478 1285 ΚΑΙ
500 1249 716 1284 scribendum
742 1253 888 1285 ΚΑΤΑ.

773 1367 871 1402 VIII.

273 1436 418 1471 Aesoh.
446 1435 556 1471 Eum.
581 1449 614 1470 v.
642 1437 707 1471 193
734 1449 784 1482 sq.

492 1495 632 1536 λέοντος
656 1495 784 1543 ἄντρον
807 1494 1071 1543 αἱματορρόφου

330 1553 626 1595 οἷκεῒν.τοιαύτας
648 1554 753 1596 εἰκὸς,
778 1554 820 1590 οὗ
843 1559 1056 1602 χρηστηρίοις

326 1614 365 1649 ἐν
388 1613 504 1649 τοῖσδε
526 1613 707 1660 πλησίοισι
730 1616 917 1661 τρίβεσθαι
940 1613 1057 1658 μύσος.

162 1680 359 1721 corruptum
375 1679 427 1708 est
442 1687 475 1708 v.
496 1674 561 1709 195
578 1677 839 1710 ΠΛΗΣῙΟΙΣΙ
851 1673 1165 1719 restituendumque
1181 1676 1480 1709 ΠΛΝΟΣΙΟΙΣΙ.

788 1805 851 1840 ΙΧ.

274 1862 381 1896 Aeso
392 1861 425 1894 h.
455 1860 567 1894 Eum.
599 1873 631 1894 v.
655 1861 723 1895 405
775 1859 910 1901 πώλοις
945 1859 1107 1904 ἀκμαίοις
1141 1859 1242 1895 τόνδ’
1283 1858 1474 1901 ἐπιζ«ει’)”ς“αο2

163 1920 252 1966 ὄχον
286 1933 355 1955 non
385 1926 436 1955 est
464 1925 652 1966 corruptus,
690 1919 748 1954 sed
783 1919 1090 1966 interpolatus3
1125 1919 1286 1965 repetitus
1322 1931 1364 1953 ex
1399 1919 1474 1960 alia,

162 1980 307 2015 fortasse
330 1980 437 2026 ipsius
463 1979 629 2023 Athenae,
648 1982 848 2025 θεοφανείᾳ
872 1978 1106 2013 similitudinis
1131 1991 1233 2013 causa
1256 1978 1391 2013 videtur
1415 1978 1475 2013 ad-

163 2039 310 2085 scriptus
334 2050 409 2073 esse
433 2038 546 2072 versui
570 2038 647 2072 404.

797 2154 843 2189 X.

274 2214 399 2264 Soph.
425 2215 564 2251 Trach.
591 2228 623 2250 v.
654 2215 717 2251 196
740 2213 952 2250 ’τὸ-ποθοῦν
976 2213 1110 2249 defendi
1133 2225 1233 2260 posse
1257 2225 1361 2259 nego3
1391 2215 1474 2249 scri-

167 2276 316 2312 bendum
340 2288 505 2323 propono:

327 2334 377 2370 τὰ
399 2334 466 2381 γὰρ
490 2333 660 2370 nohhein?
688 2333 842 2375 ἕκαστος
864 2335 1036 2379 ἐκμαθεῖν
1059 2334 1179 2368 θέλων

328 2394 390 2430 οὐκ
413 2395 459 2430 ἄν
482 2397 642 2439 μεθεῖτο,
666 2396 751 2440 πρὶν
774 2392 857 2428 καθ’
885 2392 1012 2440 ἡδονὴν
1035 2391 1160 2429 κλύειν.
