1683 2802
139 232 282 276 naturae
299 223 429 269 (nonne
450 228 600 271 praestat
614 231 677 259 sta
684 224 823 259 turae?
824 225 841 269 )
850 226 1047 273 proceritas
1063 225 1232 260 emicabit:
1253 225 1460 273 itafranqa-

140 290 197 319 tur
219 291 257 319 ut
279 311 288 319 .
314 310 322 318 .
349 310 357 318 .
381 291 503 332 κριθὴ·
538 284 617 319 huic
647 285 858 332 emtirpemur
880 284 1059 319 radicitus.
1084 285 1163 319 huic
1188 284 1282 329 [non]
1305 286 1460 333 speciosa

129 344 248 390 facies
271 350 333 378 est:
354 350 464 391 potest
476 343 682 390 formonsus
704 343 877 379 mendicus
894 356 979 386 esse3
1004 345 1138 390 reliqua
1154 345 1303 379 membra
1317 345 1457 380 inutilia

138 403 207 437 sint
230 416 297 449 eqs.
344 402 454 438 Miror
477 402 627 450 primum
651 415 705 438 me
728 403 764 438 in
781 402 836 438 his
860 402 1046 439 offendere:
1070 416 1115 438 an
1139 415 1209 438 non
1233 408 1314 438 sunt
1336 403 1458 438 insana

137 460 198 496 illa
220 462 298 497 huic
327 465 537 510 eaetzrpentur
565 462 755 498 radicitus?
795 474 881 508 quae
917 475 985 508 quo
1019 467 1118 508 putas
1148 462 1324 498 referenda
1357 463 1455 498 esse?

138 520 250 556 Immo
274 521 435 569 probatur
459 520 634 569 anaphora
650 521 732 556 satis
750 521 899 557 dilucida
914 521 994 557 inde
1010 534 1031 556 a
1047 522 1213 557 vocabulo
1230 524 1309 558 huic
1326 535 1453 557 novum

138 582 341 617 miserorum
376 581 588 617 cruciatuum
621 594 728 628 genus
764 582 891 618 inferri.
951 581 1017 618 Est
1055 594 1136 628 ergo
1175 594 1295 618 manca
1335 583 1452 627 oratio,

137 653 248 687 neque
282 640 385 676 nimis
420 640 559 676 difficile
594 645 646 675 est
680 641 843 686 divinare,
881 642 963 688 quid
991 647 1294 677 commemoratum
1328 642 1454 678 fuerit:

136 700 305 736 radicitus
328 702 503 748 exstirpare
525 700 584 735 vix
608 701 689 747 poni
713 706 823 748 potest
845 701 914 736 nisi
936 701 979 737 de
1002 701 1155 745 oculis,
1190 706 1223 736 et
1247 714 1283 736 re
1307 714 1388 737 vera
1413 702 1455 737 de

137 760 192 795 his
216 760 253 795 in
276 760 340 796 hac
362 760 594 796 controversia
610 760 744 807 saepius
759 761 886 796 mentio
901 761 959 805 fit;
984 760 1026 796 cf.
1044 761 1134 796 infra
1151 773 1182 796 v.
1205 761 1247 796 13
1264 762 1321 797 illi
1341 769 1452 797 erutos

136 821 259 866 oculos,
284 834 316 856 v.
344 820 386 856 19
410 828 572 856 eruamur
604 821 698 856 oculi
721 821 824 864 illius,
863 833 895 867 p.
928 820 1054 865 492‚23
1091 820 1184 856 deme
1214 821 1294 856 huic
1329 822 1452 857 oculos.

136 878 239 923 Quod
256 880 286 915 si
301 880 508 915 attendimus
525 880 629 915 totius
646 880 806 915 orationis
823 880 1135 922 conformationem,
1160 892 1344 928 possumus
1361 880 1451 919 hanc

135 939 205 974 fere
239 938 475 975 commendare
511 939 729 984 scripturam:
765 940 843 975 huic
878 939 1048 983 (eaeimii
1080 941 1199 974 oculi
1231 940 1355 983 sunu)
1394 954 1453 975 ecc-

135 1001 305 1047 tirpentur
327 999 505 1034 radicitus.

745 1263 837 1316 IV.

245 1393 470 1429 Discedamus
494 1393 573 1437 iam,
599 1393 627 1427 si
652 1392 867 1427 commodum
890 1398 957 1436 est,
982 1405 1027 1428 ex
1056 1393 1120 1428 hac
1148 1393 1279 1428 lubrica
1310 1394 1447 1439 regione

134 1459 167 1489 et
191 1454 474 1500 transmigremus
498 1453 534 1488 in
558 1452 770 1500 provinciam
793 1452 906 1498 aliqua
929 1465 971 1487 ex
986 1456 1082 1499 parte
1098 1452 1267 1487 tutiorem.
1317 1451 1446 1488 Sumus

133 1514 226 1550 enim
266 1526 359 1550 nunc
401 1513 606 1561 disputaturi
650 1512 691 1547 de
732 1512 995 1559 simplicioribus
1031 1512 1238 1558 quibusdam
1275 1512 1445 1548 scribendi

132 1575 315 1619 erroribus,
340 1573 461 1622 positis
485 1573 522 1608 in
547 1572 711 1608 similium
742 1572 931 1608 litterarum
955 1572 1165 1619 syllabarum
1198 1572 1442 1607 vocabulorum

133 1635 392 1683 permutatione,
416 1634 508 1680 quod
523 1646 642 1678 genus,
664 1637 703 1667 ut
718 1633 754 1667 in
770 1633 928 1668 omnibus
944 1632 1041 1668 libris
1058 1632 1188 1668 calamo
1205 1637 1238 1667 et
1253 1638 1444 1668 ammento

131 1694 339 1743 perscriptis,
364 1694 413 1729 ita
435 1693 472 1728 in
495 1693 555 1736 eis,
589 1692 713 1739 quibus
737 1692 781 1728 ad
805 1691 1040 1738 refingendum
1065 1690 1212 1728 Senecae
1235 1705 1320 1740 opus
1344 1693 1444 1728 nobis

131 1754 297 1789 utendum
320 1760 382 1797 est,
407 1753 574 1787 latissime
597 1757 699 1799 patet.
709 1752 736 1795 1)
786 1752 903 1798 Atque
928 1751 1126 1799 saepissime
1150 1752 1288 1797 quidem
1312 1752 1444 1788 librarii

130 1826 240 1861 neque
264 1813 469 1849 sententiam
492 1823 603 1859 neque
635 1811 740 1847 verba
763 1816 921 1847 curantes
946 1823 1031 1857 quos
1055 1810 1246 1846 litterarum
1269 1812 1383 1859 apices
1407 1812 1443 1846 in

128 1873 314 1921 exemplari
340 1886 402 1908 suo
424 1884 608 1919 agnoscere
631 1871 696 1907 sibi
720 1871 936 1911 videbantur,
966 1884 1023 1907 eos
1043 1871 1300 1917 religiosissime
1321 1884 1441 1907 exara-

128 1938 267 1970 verunt:
304 1932 394 1968 unde
429 1933 478 1977 fit,
516 1937 553 1967 ut
592 1931 674 1967 satis
710 1937 801 1966 certo
837 1931 919 1966 talia
953 1931 1078 1966 menda
1113 1931 1184 1967 fere
1212 1931 1346 1978 possint
1374 1931 1443 1966 elui

127 2006 313 2041 eorumque
349 1994 444 2040 origo
475 1993 711 2038 demonstrari,
748 1998 781 2029 et
815 1992 1009 2040 frequenter
1040 2004 1109 2027 una
1133 1991 1294 2040 paucisve
1318 1991 1441 2028 litteris

126 2054 266 2089 mutatis
302 2066 346 2089 ex
380 2053 542 2089 monstris
577 2053 687 2100 primo
723 2054 842 2088 obtutu
870 2052 1056 2088 admodum
1085 2052 1240 2088 mirificis
1271 2053 1379 2099 proba
1408 2058 1442 2088 et

129 2113 220 2149 iusta
254 2118 405 2160 emergat
447 2112 628 2157 sententia;
661 2131 706 2137 —
734 2112 831 2148 cuius
867 2111 916 2147 rei
952 2111 1108 2158 exempla
1143 2111 1318 2147 luculenta
1351 2112 1442 2147 infra

126 2178 312 2208 occurrent.
360 2173 491 2208 Verum
526 2172 687 2218 quoniam
723 2171 877 2206 homines
913 2170 964 2205 illi
999 2176 1088 2206 certe
1123 2171 1238 2216 aliqua
1273 2173 1441 2208 sermonis

124 2233 241 2269 Latini
276 2233 418 2269 scientia
452 2232 574 2268 imbuti
607 2236 720 2276 erant,
756 2230 1062 2267 innumerabilibus
1100 2231 1183 2267 locis
1217 2231 1353 2276 accidit,
1392 2237 1440 2276 ut,

236 2344 256 2380 ¹)
277 2342 427 2373 Nonnulla
454 2343 485 2372 id
512 2350 609 2380 genus
638 2342 713 2371 vitia
740 2349 795 2378 per
823 2342 1009 2371 occasionem
1036 2341 1096 2371 iam
1129 2349 1233 2378 supra,
1262 2342 1332 2371 dum
1360 2342 1441 2372 aliud

123 2391 250 2427 agimus,
269 2389 421 2427 corrigere
442 2390 619 2419 studuimus
