1683 2802
715 117 922 152 -9-

127 206 131 213 ¹
161 217 277 264 Atque
313 217 396 252 talia
429 217 567 263 quidem
603 217 687 252 vitia
721 217 830 252 multa
864 229 943 253 cum
978 216 1060 252 olim
1097 221 1172 252 tum
1195 228 1305 264 nuper
1328 220 1477 251 correcta

161 281 258 312 sunt:
282 277 373 312 bona
406 288 485 323 pars
521 276 633 312 adhuc
665 276 798 312 criticos
832 276 963 320 fefellit,
1000 288 1078 312 cum
1113 282 1173 311 aut
1207 276 1365 312 insitivas
1398 275 1476 310 illas

161 334 345 384 particulas
379 335 531 383 integras
567 340 798 372 concoxerunt
828 340 889 371 aut
923 335 1098 380 mutando,
1134 348 1204 371 non
1239 334 1476 383 expungendo,

162 407 247 444 opus
269 407 345 432 esse
368 401 583 432 censuerunt.
630 396 740 443 Atqui
774 401 826 432 est
861 396 946 432 haec
980 396 1058 443 ipsa
1091 396 1129 431 in
1160 395 1343 432 resecando
1366 395 1478 443 posita

161 455 365 490 emendandi
387 455 473 493 ratio
497 456 531 490 in
558 455 613 490 his
635 455 733 491 libris
754 456 945 491 certissima
965 455 1178 501 firmiterque
1194 455 1350 498 tenenda,
1375 454 1476 490 modo

162 515 278 561 possis
312 515 413 551 illum
435 515 558 551 erroris
593 514 722 551 fontem
757 514 1020 563 deprehendere.
1074 514 1196 561 Neque
1223 527 1304 549 vero
1328 513 1477 549 alienum

161 574 297 610 videtur
319 574 385 610 hoc
407 586 611 618 asseverare,
637 574 804 621 siquidem
826 588 860 623 p.
886 575 1012 619 188,15
1036 574 1092 610 vel
1108 574 1341 619 Kiesslingius
1364 573 1477 608 haesi-

162 633 257 670 tavit.
305 632 525 681 Quamquam
559 634 616 670 hic
652 640 690 669 ut
725 647 858 682 semper
887 633 1153 683 examinandus·
1170 639 1223 669 est
1259 633 1369 680 ipsius
1394 633 1477 668 scri-

163 694 271 741 ptoris
297 705 392 737 usus,
416 706 460 729 ne
484 694 653 729 immerito
670 695 889 742 ¹increpemus
918 694 1087 730 librarios.
1135 693 1240 728 Velut
1264 691 1320 728 Co
1329 698 1404 727 ntr.
1431 692 1478 727 Π.

165 753 253 797 10,7.
279 766 311 801 p.
339 754 461 798 177,13
486 753 533 789 ‘ut
557 754 720 801 quomodo
744 767 801 803 eqo
825 753 943 799 illam',
969 755 1089 801 inquit,
1115 753 1217 800 {falso
1239 755 1356 787 nuntio
1373 759 1479 787 terru-

163 826 266 857 eram,
288 815 338 849 sic
361 815 444 858 illa’,
480 815 599 862 inquit,
638 812 698 849 ‘me
715 814 816 861 falso
831 814 991 862 periculo
1015 814 1163 849 terreret'
1189 812 1269 848 inde
1292 824 1313 847 a
1337 810 1479 848 Schotto

163 892 208 898 —
232 873 292 919 qui
316 873 451 920 quidem
477 873 559 908 satis
576 873 701 908 mirum
721 873 758 908 in
773 872 913 908 modum
936 872 978 908 de
1003 873 1228 918 ‚glossemate‘
1252 872 1414 918 loquitur,
1431 891 1478 897 —

164 933 349 969 secluditur
370 933 517 968 alterum
540 935 649 980 inquit
671 933 843 979 fateorque
859 932 978 968 eodem
994 932 1095 967 modo
1113 932 1195 967 olim
1212 945 1267 967 me
1291 945 1324 979 p.
1351 933 1477 975 220,22

163 991 234 1028 ‘hoc
246 992 347 1040 fuit',
372 993 496 1039 inquit,
526 990 642 1039 ‘quare
666 992 866 1027 desinerem:
896 993 1097 1036 sentiebam',
1126 993 1252 1039 inquit,
1278 991 1340 1027 ‘me
1368 1005 1478 1026 senem

152 1053 249 1099 fieri'
276 1050 540 1100 expungendum
562 1057 699 1098 putasse
734 1051 880 1086 alterum
914 1052 1039 1099 inquit:
1077 1050 1136 1086 sed
1161 1051 1190 1085 si
1214 1050 1399 1086 contuleris
1424 1063 1476 1085 ex.

164 1124 193 1146 c.
206 1124 238 1158 p.
252 1111 434 1154 222‚4—5.
459 1123 492 1157 p.
505 1111 641 1153 357‚14.
666 1123 699 1157 p.
712 1110 941 1153 358,16—17.
958 1123 990 1157 p.
1003 1111 1231 1154 366‚20—21.
1246 1123 1278 1157 p.
1292 1111 1476 1154 473‚5—7.

164 1184 195 1218 p.
233 1170 459 1215 494‚24—26,
495 1169 657 1205 concedes
692 1182 801 1216 neque
836 1170 901 1205 hoc
934 1181 1045 1216 neque
1079 1169 1140 1204 illo
1178 1169 1252 1205 loco
1288 1169 1477 1216 quidquam

164 1230 365 1265 mutandum
388 1241 472 1264 esse.

274 1289 352 1336 Age
367 1300 469 1332 nunc,
483 1293 520 1323 ut
535 1288 578 1323 ad
594 1289 703 1336 ipsam
716 1301 788 1324 rem
797 1288 1051 1335 aggrediamur,
1064 1288 1240 1323 videamus
1259 1288 1300 1323 de
1314 1286 1429 1323 Suas.
1448 1289 1476 1323 I.

165 1351 220 1385 12.
243 1362 275 1396 p.
301 1349 352 1384 8<-
370 1350 401 1384 9.
442 1348 574 1384 Mentio
598 1349 645 1384 ibi
670 1349 710 1382 fit
733 1349 775 1383 de
798 1354 958 1396 corrupto
982 1348 1095 1394 aliquo
1118 1349 1192 1384 loco
1216 1349 1320 1396 petito
1343 1361 1385 1384 ex
1409 1349 1476 1384 Do-

165 1409 272 1445 rionis
289 1408 496 1457 metaphrasi
515 1408 675 1453 Homeri3
700 1409 803 1444 verba
825 1407 955 1444 Graeca
978 1408 1195 1444 librariorum
1211 1408 1310 1455 culpa
1326 1408 1362 1443 in
1380 1408 1477 1444 codd.

165 1470 292 1505 nostris
316 1469 441 1504 omissa
466 1474 555 1512 sunt,
592 1469 702 1515 pergit
731 1474 844 1504 autem
867 1469 1012 1512 Seneca,
1038 1469 1068 1503 si
1091 1468 1340 1515 Kiesslingium
1365 1468 1477 1515 sequi·-

164 1542 253 1573 mur,
278 1529 344 1565 sic:
369 1529 464 1563 Haec
488 1528 683 1575 quomodol)
709 1542 750 1563 ea:
774 1530 944 1576 corruptis
968 1542 1004 1563 eo
1021 1530 1234 1576 perveniant,
1258 1536 1295 1563 ut
1311 1537 1340 1563 et
1355 1543 1478 1576 mayna

166 1597 194 1625 et
219 1596 329 1625 tamen
351 1602 436 1624 sana
459 1590 541 1631 sint,
567 1589 675 1623 aiebat
698 1589 875 1623 Maecenas
899 1588 995 1636 apud
1011 1589 1192 1637 Vergilium
1209 1589 1358 1636 intelleqi
1368 1602 1478 1634 posse.

165 1649 344 1684 Tumidum
374 1656 436 1684 est:
461 1648 559 1695 ὄρεος
591 1648 672 1695 ὅρος
700 1646 924 1683 ἀποσπᾶται.
980 1649 1145 1696 Veryilim
1175 1648 1260 1695 quid
1290 1650 1360 1683 ait?
1385 1650 1479 1696 rapit

518 1707 612 1742 haud
640 1715 775 1755 partem
811 1709 966 1755 exiyuam
996 1709 1125 1742 montis.

166 1769 222 1804 Ita
234 1767 278 1813 (a)
290 1767 518 1816 maynitudine
530 1766 682 1810 discedit,
695 1774 729 1801 ut
742 1779 807 1802 non
823 1767 1054 1815 imprudenter
1070 1767 1222 1802 discedat
1235 1781 1257 1801 a
1259 1767 1344 1813 fide.
1381 1767 1415 1801 N
1418 1780 1480 1801 on-

168 1828 252 1863 dum
264 1825 479 1862 emendatum
496 1832 548 1861 est
567 1826 723 1861 ultimum
743 1826 964 1861 enuntiatum.
990 1826 1080 1861 Boni
1092 1826 1188 1861 codd.
1202 1826 1267 1861 BV
1281 1827 1332 1869 (in
1345 1827 1380 1862 A
1393 1840 1480 1862 non-

169 1888 255 1923 nulli
280 1899 399 1922 versus
423 1886 680 1931 interciderunt)
705 1887 791 1921 miro
815 1892 981 1922 concentu
997 1886 1159 1922 exhibent
1174 1889 1223 1922 ita
1239 1888 1483 1936 magnitudinis

170 1947 265 1982 cedat
287 1946 411 1981 studet:
436 1945 504 1980 iam
528 1958 608 1980 vero
639 1946 667 1980 si
698 1946 773 1992 quis
809 1957 887 1980 cum
922 1945 1133 1991 Kiesslingio
1169 1946 1280 1990 faciat,
1317 1947 1483 1994 pervelim

153 2007 266 2053 scire,
293 2005 462 2052 quomodo
487 2005 573 2040 illud
595 2005 705 2042 studet
728 2005 763 2040 in
788 2003 918 2041 textum
943 2006 1116 2054 irrepserit
1173 2006 1295 2053 Neque
1319 2008 1483 2042 maiorem

168 2066 271 2101 fidem
295 2065 472 2100 habuerim
496 2065 657 2100 Bursiani
681 2065 878 2100 correctioni
908 2067 957 2101 ita
986 2066 1216 2114 maynitudini
1245 2067 1340 2102 cedat
1363 2068 1482 2110 studet,

169 2138 235 2161 non
258 2124 491 2172 imprudenter
515 2124 666 2159 discedat
689 2138 711 2159 α
723 2125 814 2172 fide:
839 2137 899 2172 per
922 2125 1008 2159 mihi
1032 2125 1118 2159 mira
1143 2125 1277 2160 videtur
1302 2127 1484 2161 verborum

171 2191 340 2220 structura
362 2184 535 2230 vincitque
563 2196 617 2219 res
653 2184 728 2231 ipsa
762 2184 952 2231 Vergilium
987 2198 1056 2221 non
1092 2185 1210 2221 cedere
1245 2185 1484 2232 magnitudini,

285 2276 304 2311 ¹)
323 2274 539 2313 coniungenda
566 2275 639 2305 haec
667 2284 735 2305 esse
763 2284 829 2305 cum
856 2276 1102 2313 praecedentibus
1132 2279 1165 2305 et
1188 2276 1226 2306 ad
1245 2276 1371 2306 eandem
1391 2280 1486 2306 meta-

170 2322 294 2360 phrasin
313 2320 447 2355 Homeri,
465 2329 526 2351 non
545 2321 583 2351 ad
610 2321 827 2360 dithyrambum
854 2322 956 2353 nescio
986 2331 1072 2360 quem
1099 2323 1260 2353 referenda
1277 2326 1410 2361 apparet.
1449 2325 1487 2355 cf.

171 2370 257 2398 Burs.
278 2369 308 2398 in
328 2368 466 2398 Zarnckii
484 2368 545 2398 Lit.
566 2368 724 2398 centralbl.
747 2371 823 2402 1873.
844 2378 871 2406 p.
894 2372 974 2403 1555.
