1740 2765
758 174 985 210 -34—

211 280 314 322 caput
336 274 569 309 tumultuantis
594 275 692 310 deos!
734 274 854 321 [taque
885 281 924 310 ut
954 276 1070 311 stellae
1101 279 1250 310 errantes
1273 275 1365 319 illae,
1394 274 1442 310 ita
1470 274 1522 310 sol

210 337 243 367 et
265 332 348 367 luna
371 331 428 367 hic
451 331 625 368 debebunt
648 333 767 368 haberi
791 346 852 381 pro
876 333 969 369 deis
998 346 1180 380 eorumque
1208 334 1347 369 nomina
1371 335 1420 370 sic
1442 346 1521 370 exa-

211 392 277 426 rari
302 397 340 427 ut
361 392 436 427 fieri
460 391 546 427 solet
569 392 605 427 in
629 393 871 429 nominibus
908 395 1101 441 propriis.
1159 394 1233 429 Iam
1268 406 1349 429 vero
1381 394 1411 429 si
1446 406 1520 442 spe-

209 456 340 486 ctamus
357 452 416 487 illa
433 461 591 488 contrane
615 452 698 488 deus
720 454 857 497 steterit,
882 454 994 499 qualis
1012 454 1067 490 hic
1083 454 1297 502 potissimum
1314 454 1522 499 significetur

209 509 303 555 deus,
328 524 397 547 non
420 511 537 557 liquet.
586 512 697 547 Immo
720 517 875 547 tenemus
891 513 971 548 inde
990 514 1034 548 ab
1058 514 1112 548 his
1136 513 1248 549 verbis
1273 513 1338 548 tria
1361 514 1522 550 orationis

209 571 364 606 membra
386 576 541 607 accurate
564 570 742 615 distincta,
767 583 915 618 quorum
945 572 982 607 in
1006 572 1116 620 primo
1141 573 1197 618 agi
1220 572 1351 608 videtur
1375 572 1417 608 de
1441 573 1521 616 sole,

208 631 245 665 in
270 631 417 667 secundo
441 631 489 670 de,
506 631 604 676 luna,
628 631 665 666 in
689 632 788 667 tertio
813 631 855 667 de
879 631 987 667 stellis
1012 633 1223 678 errantibus3
1256 638 1293 668 ut
1315 637 1429 669 autem
1453 638 1521 669 ter—

210 690 297 725 tium
320 703 341 725 a
365 690 512 726 secundo
537 696 626 727 recte
651 696 857 737 segregatur,
893 691 941 726 ita
976 692 1079 727 huius
1108 693 1244 728 initium
1267 694 1310 728 ab
1337 692 1520 728 editoribus

208 763 278 786 non
294 756 383 786 recte
399 751 624 786 constitutum
640 756 702 795 est,
727 751 787 797 qui
810 750 882 786 cod.
914 751 943 786 T
963 756 1185 787 correctorem
1203 752 1308 788 secuti
1331 752 1450 790 dedere
1475 767 1521 789 an

201 813 344 860 plenam
369 812 474 847 lucem
497 823 558 858 pro
581 812 618 846 in
635 812 794 859 plenam:
832 811 971 847 omnino
1007 812 1236 847 tollendum
1270 817 1322 847 est
1355 811 1440 846 illud
1474 813 1520 854 in,

209 872 282 908 sive
318 884 360 907 ex
396 871 551 918 sequenti
586 872 687 907 initia
723 871 796 906 sive
832 870 968 906 aliunde
997 876 1116 906 natum
1139 876 1201 907 est.
1248 870 1408 907 Ceterum
1431 870 1520 906 tertii

208 932 354 967 membri
366 931 512 978 primam
525 931 727 977 particulam
739 931 948 966 decurtatam
965 943 1041 966 esse
1057 932 1143 966 bene
1154 932 1287 966 monuit
1302 931 1520 968 Konitzerus.

209 990 340 1035 Restat,
366 996 405 1025 ut
428 1001 651 1038 persanemus
676 989 825 1037 primum
861 990 1064 1033 membrum,
1100 989 1192 1036 quod
1224 990 1402 1025 manifesto
1437 990 1520 1025 vitio

208 1051 363 1086 laborare
386 1050 629 1085 intelleximus.
688 1049 839 1084 Parvula
861 1049 1048 1084 mutatione
1072 1049 1157 1096 op'us
1181 1055 1248 1094 est,·
1271 1049 1424 1097 scripsit,
1452 1049 1519 1084 nisi

208 1110 343 1156 egregie
365 1109 475 1153 fallor,
513 1110 656 1145 Seneca:
693 1116 850 1144 contrane
885 1108 1013 1144 durus
1047 1110 1176 1144 steterit
1210 1123 1254 1144 an
1269 1109 1433 1157 placidus
1456 1109 1518 1144 ad-

198 1171 345 1219 fulserit
369 1169 454 1206 Soc.
1527 1167 1529 1169 ’

319 1227 435 1265 Suas.
461 1228 522 1264 VI.
547 1228 579 1263 9.
605 1241 637 1275 p.
661 1228 740 1271 38‚3
763 1228 870 1262 altera
892 1227 1070 1263 divisionis
1087 1226 1314 1263 Latronianae
1337 1240 1427 1275 pars,
1452 1241 1520 1276 qua

208 1289 322 1338 posuit
334 1288 546 1332 Ciceronem,
570 1288 703 1323 etiamsi
727 1288 921 1322 Antonium
944 1287 1189 1334 deprecaretur,
1212 1288 1318 1322 vitam
1341 1289 1519 1335 impetrare

208 1362 278 1385 non
301 1361 412 1397 posse,
437 1347 659 1383 adumbratur
681 1346 809 1394 pauciS,
846 1358 992 1392 quorum
1027 1346 1164 1382 initium
1198 1347 1234 1381 in
1269 1346 1363 1382 codd.
1393 1348 1518 1383 nostris

208 1410 256 1444 ita
280 1409 445 1456 scriptum
468 1412 594 1443 exstat:
631 1407 773 1442 deinde:
807 1420 875 1442 ‘non
898 1407 1064 1454 futurum
1087 1407 1180 1454 fidei
1206 1408 1403 1455 impetratae
1425 1408 1518 1443 bene-

206 1470 330 1513 ficium.
379 1467 517 1511 Quibus
541 1466 610 1501 iam
634 1464 830 1501 Gronovius
855 1465 931 1510 (ed.
955 1478 987 1512 p.
1012 1465 1075 1509 38)
1100 1465 1209 1512 decipi
1237 1477 1273 1500 se
1302 1478 1371 1501 non
1399 1478 1518 1512 passus

207 1534 269 1563 est.
318 1526 388 1563 Sed
412 1526 504 1573 quod
527 1526 601 1572 ipse
626 1525 802 1560 substituit
825 1538 891 1560 non
903 1525 1067 1572 futurum
1079 1525 1185 1570 fidele
1212 1526 1300 1560 vitae
1323 1527 1518 1573 impetratae

209 1588 411 1635 beneficium,
447 1591 518 1621 tam
554 1585 719 1620 violenter
754 1597 893 1619 munere
930 1596 991 1620 suo
1026 1584 1162 1620 functus
1186 1590 1238 1620 est
1272 1596 1376 1630 quam
1398 1584 1517 1620 Kiess—

206 1648 345 1694 lingius,
370 1647 429 1695 qui
453 1659 562 1694 nuper
585 1645 708 1682 edidit:
734 1645 969 1692 nonfuturam
981 1644 1084 1690 fidem
1106 1645 1305 1693 impetranti
1318 1645 1516 1692 beneficium».

208 1706 435 1743 scribendum
472 1706 620 1742 videtur:
657 1719 723 1741 non
747 1706 912 1753 futurum
936 1705 1029 1751 fidei
1060 1705 1389 1754 imperturbatae
1424 1706 1517 1741 bene-

195 1769 332 1814 ficium.
380 1765 452 1803 Cfr.
471 1765 552 1802 Sen.
575 1764 642 1812 Ep.
667 1765 722 1800 73.
748 1765 770 1808 ξ
795 1764 839 1800 10
861 1765 1263 1813 ίπῳενιανόαιαμιόἶίεὼ
1290 1767 1516 1813 occupationi-

208 1828 268 1863 btoe
293 1829 396 1873 quie-3.

317 1884 464 1922 Gontr.
496 1884 524 1920 Ι.
556 1884 687 1932 praef.
720 1884 751 1918 7.
781 1896 814 1931 p.
842 1884 962 1928 5935:
1002 1885 1040 1920 in
1068 1884 1215 1919 deterius
1246 1882 1367 1918 deinde
1397 1883 1518 1919 cotidie

207 1947 290 1982 data
320 1960 376 1981 res
399 1953 456 1991 est,
485 1946 555 1981 sive
586 1945 670 1980 luxu
702 1951 886 1992 temporum
910 1963 953 1968 ——
976 1944 1068 1979 nihil
1092 1944 1180 1979 e‘nim
1209 1950 1278 1978 tam
1307 1943 1411 1978 morti
1426 1956 1519 1979 erum

207 2007 354 2056 inqeniis
385 2019 485 2054 quam
516 2005 657 2040 luxuria
685 2010 733 2039 est
755 2022 802 2027 -
824 2004 903 2049 sive,
940 2016 1015 2039 cum
1045 2004 1237 2052 praemium
1271 2003 1519 2049 pulcherrimae

207 2068 263 2102 rei
283 2065 468 2109 cecidisset,
493 2065 695 2101 translatum
718 2071 766 2100 est
790 2077 883 2099 omne
900 2071 1065 2099 certamen
1081 2063 1129 2099 ad
1147 2063 1263 2111 turpia
1278 2062 1380 2098 multo
1395 2063 1518 2099 honore

209 2134 412 2174 quaestuque
426 2127 574 2174 vigentia
589 2138 657 2172 eqe.
701 2123 773 2168 Qui
789 2123 838 2168 fit,
856 2127 894 2158 ut
910 2135 1010 2158 nemo
1025 2122 1234 2159 intellexerit
1250 2115 1351 2157 scn'bi
1367 2127 1517 2169 oportere

208 2200 284 2223 cum
310 2187 496 2235 pretium
518 2185 773 2234 pulcherrimae
800 2185 855 2219 rei
875 2182 1072 2219 cecidisset?
1106 2181 1178 2218 Vix
1205 2194 1290 2230 opus
1318 2188 1369 2218 est
1398 2182 1517 2219 afferre

206 2257 240 2293 p.
264 2245 345 2291 53,5
370 2244 533 2293 quamdiu
555 2258 637 2279 suus
661 2244 783 2279 litteris
797 2244 912 2287 honor,
938 2256 1034 2278 suum
1054 2243 1258 2290 eloquentiae
1275 2243 1426 2290 pretium
1442 2244 1515 2278 erit.

295 2313 464 2351 ·Contr.
496 2313 523 2349 Ι.
553 2314 621 2357 2,6.
653 2325 686 2360 p.
711 2312 808 2356 84,5:
845 2312 996 2347 Romani
1027 2311 1204 2360 Hispania
1245 2303 1424 2358 Numqiaeid
1456 2303 1517 2346 libe

208 2388 321 2424 myas,
352 2375 575 2411 conbactatam
602 2380 634 2409 te
664 2380 774 2408 tamen
802 2385 878 2407 cwm
905 2372 990 2415 viro,
1027 2384 1124 2419 quem
1149 2371 1195 2409 ,in
1230 2371 1293 2409 itta
1316 2367 1516 2410 volutatione

207 2448 338 2471 necesse
365 2441 412 2470 est
428 2434 536 2482 prius
559 2445 661 2481 super
685 2439 715 2467 te
733 2431 873 2479 fuisse?
913 2431 1093 2467 Adiciebat
1124 2431 1197 2466 leno
1225 2431 1343 2466 merito
1372 2431 1515 2466 ocmhum
