1740 2765
781 122 1011 159 ...18-

232 220 352 256 darem
363 221 483 268 filium
505 218 581 270 ipse
595 235 746 270 peccare
769 226 886 273 coepi!
911 227 961 262 ita
983 227 1019 261 ei
1038 237 1118 261 avos
1144 225 1270 260 viveret
1292 251 1301 260 .
1327 253 1335 261 .
1361 233 1428 262 brea
1451 220 1551 262 luitu-

234 281 325 316 riosi
333 280 553 328 futheetzkss)
600 280 671 317 Res
695 282 801 328 igitur
824 283 909 320 haec
924 289 992 334 est:
1015 283 1233 321 defendentes
1250 295 1324 320 sese
1339 284 1422 321 facit
1436 284 1552 321 rhetor

207 356 209 359 >
230 339 344 374 filium
368 344 402 375 et
424 345 567 386 patrem,
594 341 767 390 simulque
803 355 905 379 suum
939 344 1049 392 ipsius
1077 343 1262 392 interponit
1283 343 1467 382 iudicium:
1490 358 1550 381 ex-

229 404 326 434 cusat
348 399 470 445 filium,
496 405 628 448 patrem
652 401 781 437 irridet.
806 421 853 427 —
876 403 1123 450 Antiquiorum
1147 404 1341 440 criticorum
1364 416 1482 450 curas,
1506 418 1551 441 ne

228 459 333 494 nimis
357 460 492 506 prolixa
514 459 552 495 in
576 460 651 496 loco
675 461 809 508 prolixo
832 462 893 497 fiat
916 463 1115 511 disputatio,
1139 476 1335 511 percensere
1358 464 1455 509 n0103
1489 465 1549 501 scd

230 518 367 563 suadeo,
405 519 435 554 si
458 519 518 565 qui
542 519 672 555 discere
696 520 815 565 velint,
853 522 969 567 qualia
1003 528 1160 571 portenta
1195 524 1276 559 olim
1303 523 1340 558 in
1371 522 1426 559 his
1451 524 1550 559 libris

227 583 388 614 concocta
411 579 493 625 sint,
517 583 557 614 ut
580 579 742 616 evolvant
764 580 843 616 edit.
869 579 1022 620 Gronov.
1048 596 1078 619 a.
1103 582 1363 621 MDGLXXH.
1388 596 1422 632 p.
1447 585 1527 621 212.

837 857 944 911 III.

336 1003 566 1039 Transeamus
606 1016 708 1048 nunc,
749 1003 779 1038 si
815 1004 935 1051 placet,
972 1003 1015 1038 ad
1050 1003 1263 1039 tractandam
1297 1005 1475 1040 materiam
1510 1010 1549 1040 ut

225 1064 336 1100 multo
360 1064 553 1100 uberiorem
576 1064 625 1100 ita
648 1069 682 1100 et
705 1064 898 1110 graviorem
927 1070 961 1100 et
991 1064 1235 1109 difficiliorem,
1266 1064 1310 1100 ad
1340 1065 1547 1113 supplendos

227 1124 391 1160 orationis
417 1125 580 1161 defectus.
628 1124 768 1160 Etenim
786 1124 816 1159 si
839 1124 917 1170 quis
934 1124 990 1160 vel
1013 1137 1139 1172 paucas
1155 1125 1425 1161 Annaeanorum
1441 1126 1546 1161 libro-

225 1197 303 1220 rum
326 1185 479 1232 pagellas
507 1185 776 1233 perlustraverit,
812 1184 996 1231 intelleget,
1033 1197 1136 1231 quam
1173 1197 1273 1232 saepe
1308 1184 1466 1221 homines
1503 1185 1546 1230 ei,

224 1256 245 1279 a
268 1244 394 1290 quibus
423 1245 523 1280 nobis
552 1257 645 1281 nunc
674 1245 787 1281 omnis
816 1245 954 1280 illorum
984 1245 1152 1280 librorum
1176 1245 1341 1280 memoria
1364 1245 1548 1293 repetenda

224 1309 286 1349 est,
312 1304 488 1340 socordius
512 1318 653 1341 munere
678 1318 740 1341 suo
764 1305 945 1352 fungentes
969 1305 1018 1340 ita
1041 1305 1273 1353 peccaverint,
1307 1310 1347 1340 ut
1369 1304 1547 1350 nonnulla,

224 1377 312 1411 quae
334 1364 372 1400 in
396 1365 584 1413 exemplari
609 1378 671 1401 suo
694 1366 884 1414 perscripta
908 1371 1019 1410 erant,
1052 1365 1153 1413 plane
1181 1365 1389 1411 omitterent,
1412 1365 1548 1413 pellecti

224 1425 426 1472 plerumque
449 1425 634 1461 earundem
667 1426 877 1461 similiumve
906 1426 1097 1461 litterarum
1125 1426 1180 1461 vel
1210 1426 1419 1473 syllabarum
1451 1438 1547 1473 repe-

223 1485 353 1520 titione.
401 1486 519 1531 Atque
544 1497 789 1532 saepenumero
813 1485 952 1531 quidem
972 1490 1223 1532 peropportune
1239 1484 1372 1528 accidit,
1396 1489 1435 1519 ut
1458 1489 1548 1520 certe

228 1557 298 1579 non
323 1556 442 1579 omnes
466 1544 598 1579 librarii
622 1544 882 1579 dormitaverint
905 1544 1107 1591 possintque
1122 1544 1190 1579 alia
1212 1557 1255 1579 ex
1270 1544 1348 1579 aliis
1372 1543 1547 1580 codicibus

226 1604 422 1652 reciperari:
448 1616 548 1652 saepe
572 1616 660 1651 quae
690 1604 727 1639 in
752 1604 866 1640 codice
895 1604 931 1640 A
955 1604 1083 1640 omissa
1112 1608 1193 1639 sunt
1221 1603 1413 1651 suppeditat
1442 1602 1548 1639 codex

223 1664 265 1710 B,
301 1665 461 1710 geminus
485 1664 560 1700 eius
585 1664 706 1709 srater3
744 1677 843 1712 saepe
868 1664 925 1700 hic
948 1677 990 1700 ex
1013 1664 1073 1700 illo
1098 1664 1251 1712 suppleri
1274 1668 1403 1711 potest3
1435 1663 1547 1699 rarius

222 1725 274 1769 fit,
299 1730 339 1759 ut
363 1725 462 1771 plura
485 1725 646 1771 praebeat
675 1724 809 1760 duobus
840 1724 909 1759 illis
939 1724 1046 1759 codex
1075 1724 1103 1759 T
1130 1724 1212 1769 (vel
1236 1723 1304 1768 V);
1329 1728 1447 1758 contra
1470 1735 1548 1769 per-

225 1797 327 1833 saepe
351 1785 512 1821 omnibus
542 1784 754 1833 plenioribus
783 1784 958 1821 codicibus
989 1783 1198 1820 subveniunt
1226 1787 1400 1831 excerpta,
1429 1787 1548 1819 tenues

224 1845 304 1879 illae
327 1845 468 1879 alterius
493 1845 673 1879 cuiusdam
697 1845 853 1880 codicum
870 1845 988 1891 stirpis
1012 1845 1187 1890 reliquiae.
1235 1843 1334 1878 Talia
1357 1848 1472 1877 autem
1495 1843 1548 1877 di-

223 1903 371 1949 ligenter
393 1903 601 1940 attendenda
625 1908 716 1948 sunt,
741 1908 789 1948 ut,
815 1903 898 1950 quid
922 1903 958 1938 in
983 1915 1023 1938 eo
1046 1915 1169 1949 genere
1192 1902 1321 1938 factum
1338 1901 1383 1936 sit
1405 1900 1548 1948 fierique

224 1965 386 2011 potuerit,
419 1964 593 2002 discamus
623 1976 915 2010 assequamurque
939 1976 1096 1999 normam
1120 1962 1302 2009 quandam,
1335 1974 1402 2008 qua
1425 1961 1473 1996 ibi
1497 1961 1548 1996 uti

223 2023 409 2070 possimus,
433 2023 493 2058 ubi
517 2024 562 2061 ab
586 2023 746 2058 omnibus
768 2023 978 2058 membranis
1002 2022 1175 2058 destitutis
1201 2022 1307 2056 solius
1332 2020 1460 2065 ingenii
1485 2033 1548 2068 ope

224 2096 278 2119 res
302 2083 575 2119 administranda
599 2083 653 2119 sit.
702 2084 813 2131 Atqui
842 2083 922 2120 licet
951 2083 1100 2131 plurima
1128 2082 1198 2118 iam
1221 2081 1397 2128 ingeniose
1420 2087 1454 2118 et
1478 2082 1547 2118 sol-

222 2144 326 2179 lerter
350 2144 417 2179 viri
441 2144 533 2179 docti
557 2144 832 2190 redintegrarint,
858 2144 1009 2191 suppetit
1033 2143 1229 2178 etiamnunc
1261 2142 1350 2177 silva
1380 2142 1547 2178 eiusmodi

224 2203 388 2239 vitiorum
422 2203 689 2240 emendatricem
723 2216 867 2239 manum
902 2202 1180 2239 desiderantium.
1239 2200 1376 2246 Quibus
1412 2207 1451 2238 ut
1484 2215 1546 2250 pro

338 2296 358 2331 ¹)
378 2295 428 2324 Ad
446 2295 659 2325 illustrandam
679 2294 913 2333 argumentandi
932 2294 1083 2323 rationem
1103 2294 1306 2330 orationisque
1326 2293 1452 2323 formam
1472 2301 1548 2330 quae
1561 2327 1568 2331 .

223 2340 280 2369 hac
299 2341 544 2378 interpunctione
563 2342 721 2376 statuitur,
742 2350 779 2371 ex
798 2341 903 2371 multis
923 2341 975 2370 cfr.
996 2341 1081 2369 haec:
1102 2349 1130 2377 p.
1147 2341 1216 2377 15,6.
1235 2348 1261 2377 p.
1280 2341 1371 2375 9433.
1390 2348 1417 2376 p.
1439 2340 1547 2377 10125.

223 2396 251 2425 Ρ.
271 2390 382 2423 345‚18.
400 2398 429 2426 p.
449 2390 542 2425 425‚8.
559 2398 589 2427 P.
608 2391 700 2424 4403.
