1683 2802
704 98 842 158 ..223
887 140 934 149 .-

162 235 248 272 opus
259 223 378 271 fuerit
395 223 604 271 pudicitiam
623 223 822 269 vindzbqbit.
870 222 951 258 Hoc
973 222 1047 258 loco
1070 222 1218 269 primum
1242 236 1313 258 non
1337 235 1479 270 possum

163 294 233 327 non
255 281 449 329 improbare
472 278 733 318 Gronovianam
761 282 991 318 coniecturam
1018 286 1187 330 receptam
1210 295 1231 318 a
1255 282 1479 328 Kiesslingio5

163 340 205 377 de
228 353 296 389 qua
320 341 479 379 scribitur
503 342 552 378 ad
562 341 768 390 flectendum
797 356 926 391 quoque
957 354 1018 390 pro
1046 355 1086 378 eo
1114 342 1205 391 quod
1233 355 1352 379 omnes
1382 342 1480 379 codd.

165 402 329 449 praebent
357 403 406 438 ad
432 410 560 438 rectum
593 415 731 450 quoque.
785 401 1030 449 Praeterquam
1059 404 1152 439 enim
1183 403 1274 450 quod
1302 403 1389 439 illud
1419 416 1481 451 per

163 473 201 497 se
224 460 391 511 displicet,
414 482 462 487 —
484 461 574 498 male
603 461 696 497 enim
726 466 804 510 post
816 461 1022 510 flectendum
1049 463 1188 510 ponitur
1216 477 1355 511 quoque,
1388 462 1480 509 quod

161 521 242 569 poni
265 522 409 558 debebat
431 526 510 569 post
534 521 667 570 pudici,
691 541 737 546 —
760 522 888 571 optime
917 534 992 558 sese
1019 522 1122 559 habet
1149 522 1274 558 tradita
1301 523 1477 559 memoria.

162 579 253 617 Sunt
277 593 359 617 sane
380 581 543 627 ambigua
566 581 682 626 verba,
706 586 820 618 tamen
844 593 948 629 quam
970 582 1008 618 in
1031 587 1164 630 partem
1186 583 1382 630 accipienda
1397 583 1477 627 sint,

161 653 215 676 res
238 640 314 689 ipsa
337 640 422 675 satis
445 640 594 676 dilucide
618 640 724 677 docet.
770 640 856 676 Vult
879 640 1028 688 profecto
1054 641 1128 678 Silo
1150 642 1346 689 Pompeius,
1376 642 1479 679 etiam

161 699 325 748 pudicum
360 705 395 736 et
429 700 613 736 honestum
648 700 803 736 animum
836 700 907 738 fere
942 701 1131 750 perturbari
1167 707 1201 738 et
1236 701 1347 749 frangi
1384 702 1477 738 saevi

161 760 273 797 hostis
289 760 461 813 adspectu.
509 760 645 798 Deinde
661 760 770 798 eidem
785 760 962 799 Gronovio
978 762 1159 799 obsecutus
1175 767 1228 799 est
1243 762 1478 809 Kiesslingius

163 833 284 868 parum
309 821 532 868 probabiliter
559 822 753 858 coniicienti
781 823 894 866 hostis,
921 823 1062 871 qladz'us
1090 835 1153 870 pro
1182 822 1349 858 tralaticio
1372 824 1478 859 hostis

157 880 288 930 yladiO.
339 880 457 927 Atque
484 880 695 917 Bursianum
723 885 813 917 certe
851 893 972 917 verum
1005 894 1075 917 non
1094 878 1281 917 'invenisse
1312 881 1477 918 concedo:

161 940 222 987 qm·
250 953 330 976 cum
357 940 471 976 ederet
517 941 658 976 multum
686 947 797 989 potest
833 940 1006 976 ada-ectum
1046 954 1174 989 quoque
1212 941 1339 990 pudici
1370 943 1481 978 animi

156 1001 391 1049 propositum:
426 1001 532 1036 hostis
564 999 715 1049 gladiol)
746 1013 814 1036 non
841 992 1028 1036 succumbet
1060 1014 1138 1048 eqs„
1173 1001 1288 1036 minus
1324 1001 1477 1046 attendit,

162 1080 208 1084 —
238 1072 282 1095 ne
317 1060 525 1106 attingamus
561 1060 646 1105 alia,
677 1080 722 1084 —
750 1059 855 1095 totius
891 1059 1054 1095 orationis
1089 1065 1250 1096 tenorem.
1297 1060 1352 1096 Ita
1386 1061 1478 1096 enim

161 1120 377 1168 persequitur
401 1119 585 1168 Pompeius
609 1131 713 1167 quam
736 1119 914 1168 proposuit
932 1119 1089 1165 figuram,
1114 1124 1152 1155 ut
1167 1119 1328 1167 depingat
1344 1132 1478 1169 semper

161 1179 299 1226 aliquod
314 1179 513 1227 periculum,
537 1179 659 1215 deinde
681 1191 762 1215 vero
784 1185 941 1227 exponat,
966 1179 1135 1226 quomodo
1152 1192 1189 1215 se
1203 1180 1347 1225 gesserit
1361 1180 1477 1228 puella

163 1239 236 1284 (cfr.
269 1252 304 1275 v.
332 1240 377 1275 10
409 1244 443 1275 et
473 1240 540 1284 12).
590 1238 681 1275 Mihi
716 1239 788 1275 veri
829 1239 1044 1276 simillimum
1086 1251 1219 1287 semper
1258 1239 1373 1275 visum
1408 1245 1476 1277 est:

161 1301 301 1335 multum
327 1308 437 1348 potest
464 1300 512 1335 ad
533 1308 658 1336 rectum
682 1314 810 1348 quoque
835 1300 962 1348 pudici
982 1301 1093 1336 animi
1108 1301 1323 1348 propositum
1345 1301 1477 1336 hostis

163 1357 290 1405 (cum)
311 1358 475 1409 yladio:
508 1372 576 1396 non
599 1360 785 1396 succumbet
808 1372 874 1408 eqs.

272 1430 415 1468 Contr.
441 1432 469 1467 Ι.
493 1432 583 1476 3,11.
608 1444 641 1479 p.
666 1431 787 1477 99,212
830 1430 989 1467 Othonem
1016 1430 1154 1466 Iunium
1173 1437 1313 1478 patrem
1341 1431 1482 1467 memini

163 1491 307 1526 colorem
338 1492 475 1526 stultum
502 1482 676 1535 inducere,
706 1490 798 1538 quod
823 1491 935 1525 minus
952 1489 1139 1537 ferendum
1169 1497 1225 1532 est,
1256 1489 1347 1536 quod
1374 1491 1479 1526 libros

163 1551 312 1586 colorum
335 1550 453 1587 edidit.
501 1549 593 1586 Miro
617 1562 785 1586 consensu
808 1549 891 1585 olim
914 1548 1119 1595 vulgabatur
1141 1548 1310 1595 hodieque
1331 1548 1476 1585 circum-

162 1609 269 1645 fertur
294 1610 384 1657 quod
405 1611 517 1646 minus
561 1622 623 1658 pro
647 1622 686 1645 eo
710 1608 800 1656 quod
816 1613 926 1644 exstat
941 1608 977 1643 in
994 1607 1153 1644 omnibus
1170 1607 1270 1643 codd.
1288 1610 1476 1656 quominus.

163 1668 350 1705 Enimvero
373 1670 591 1717 perspicuum
613 1674 665 1705 est
685 1673 821 1717 propter
836 1668 947 1716 ipsam
962 1667 1149 1704 orationem
1164 1667 1243 1703 inde
1259 1667 1474 1704 efficiendum

163 1728 287 1765 fm'sse:
325 1729 444 1776 quo(d
470 1728 538 1774 eo)
576 1730 711 1764 minus
729 1728 917 1775 ferendum
946 1734 1008 1773 est,
1044 1727 1136 1775 quod
1158 1755 1165 1762 .
1192 1754 1199 1762 .
1225 1727 1344 1763 edidit.
1393 1726 1476 1772 Cfr.,

164 1788 194 1824 si
217 1788 304 1824 tanti
328 1793 390 1835 est,
414 1802 447 1837 p.
473 1789 552 1833 64,7
576 1788 668 1837 quod
689 1802 727 1825 eo
750 1789 860 1838 maqis
890 1788 928 1824 in
957 1788 1017 1824 illo
1041 1788 1197 1823 mirabile
1224 1787 1341 1823 videri
1356 1794 1477 1836 potest,

164 1849 257 1896 quod
270 1876 279 1885 .
298 1877 306 1885 .
322 1850 488 1885 scribebat
503 1854 537 1885 et
551 1862 584 1896 p.
602 1849 728 1894 3492ss
750 1862 851 1896 quam
867 1862 904 1884 eo
919 1849 1028 1897 Μαρία
1044 1847 1210 1891 deeidero,
1228 1848 1320 1895 quod
1334 1875 1342 1883 .
1362 1875 1370 1883 .
1388 1848 1478 1896 afui.

273 1917 316 1952 In
340 1916 482 1953 Contr.
499 1916 585 1952 11.9
600 1917 761 1964 proponit
784 1915 914 1952 Seneca
936 1916 1197 1963 explicationem
1220 1916 1477 1961 vegetissimum

164 1976 310 2013 Fabiani
327 1976 456 2025 Papirii
479 1976 673 2013 invehentis
689 1977 725 2012 in
742 1976 939 2024 pestiferam
954 1975 1154 2012 divitiarum
1171 1975 1242 2011 vim
1258 1975 1480 2022 luxuriaeque

164 2037 385 2084 pravitatem,
424 2043 542 2073 contra
575 2037 746 2073 laudantis
781 2037 930 2073 'sobriam
968 2041 1210 2084 paupertatem.
1269 2036 1336 2072 Est
1363 2042 1480 2072 autem

164 2101 236 2131 tota
263 2096 347 2132 haec
377 2097 535 2144 pericopa
564 2101 636 2132 tam
663 2097 787 2132 misere
816 2100 992 2143 corrupta,
1022 2100 1061 2130 ut
1087 2096 1239 2131 nesciam
1262 2108 1308 2131 311
1331 2095 1419 2130 nihil
1442 2095 1480 2132 in

165 2156 230 2194 hoc
264 2169 365 2205 opere
406 2156 451 2193 sit
494 2156 656 2193 traditum
695 2156 897 2205 corruptius.
960 2155 1138 2192 Nonnulla
1176 2160 1266 2192 recte
1301 2154 1482 2192 emendata

166 2223 260 2262 sunt,
297 2219 406 2254 multo
441 2218 540 2265 plura
575 2218 728 2253 sananda
763 2223 910 2255 restant:
952 2230 1032 2262 nos,
1068 2217 1201 2253 etiamsi
1237 2217 1274 2252 in
1308 2216 1481 2264 prioribus

279 2339 301 2376 ¹)
321 2338 404 2367 Idem
422 2337 578 2375 postmodo
598 2337 684 2374 (spic.
702 2337 769 2367 crit.
786 2345 815 2374 p.
833 2337 864 2374 7)
884 2337 962 2367 hanc
979 2344 1084 2367 vocem
1103 2339 1136 2366 et
1152 2336 1200 2366 hic
1219 2336 1355 2367 servavit
1367 2338 1400 2366 et
1411 2338 1483 2366 ante

165 2384 324 2416 vindicabit
342 2385 530 2415 inserendam
549 2392 617 2414 esse
636 2384 804 2421 suspicatus
824 2386 881 2413 est.
