1740 2765
760 135 989 171 -42-

214 235 295 271 Meo
318 234 444 270 iudicio
468 239 564 282 pater
587 234 699 270 filium
722 235 758 269 in
783 235 1008 280 aciem-exire
1032 235 1202 271 volentem
1231 247 1310 270 cum
1342 235 1423 271 fletu
1448 235 1528 270 reti-

219 306 305 342 nens
339 294 429 329 nihil
463 293 557 329 aliud
587 294 670 330 dicit
693 286 765 329 nisi·
785 294 860 340 hoc,
896 294 1094 330 detestabile
1128 306 1227 330 omen
1265 306 1352 339 esse,
1390 294 1420 329 si
1452 294 1529 341 quis

211 367 232 390 a
250 355 352 389 flente
375 353 576 389 dimittatur.
625 352 742 397 Quare
759 354 885 389 scribo:
912 353 975 390 οὒκ
990 354 1086 396 ἔστιν
1102 356 1433 390 ΕΥΟΙΩΝῙΣΊῸΝ
1452 352 1525 389 ὑπὸ

209 414 394 456 κλαίοντος
416 415 713 461 προπέμπεσθαι.
728 412 758 458 1)

320 472 461 510 Contr.
486 472 533 508 H.
553 473 608 517 11,
625 473 681 508 23.
699 485 732 520 p.
751 472 874 517 193,10
897 472 1099 509 Artemonis
1123 472 1328 509 sententiam
1351 472 1530 518 ingeniose

208 534 402 568 Bursianus
418 537 452 567 et
469 532 622 567 Han-sius
637 532 859 583 restituerunt
876 532 941 567 hoc
957 533 1073 569 modo:
1098 534 1189 577 λέγε,
1216 536 1251 568 τί
1275 541 1332 568 σοι
1348 531 1442 579 πρὸς
1462 531 1531 568 τὸν

209 595 349 640 πατέρα
383 593 443 638 τῆς
489 591 716 639 ἐφθαρμένης
750 589 1056 639 συμπεφώνηται,
1095 592 1193 637 λέγε,
1228 594 1308 634 πῶς
1342 594 1514 632 πέπεικας
1519 607 1531 635 ;
1560 587 1563 591 Δ

209 653 364 697 σιωπᾷς,·
388 652 499 700 φωρᾷ.
539 650 618 687 Hoc
642 663 750 686 unum
781 663 903 686 moneo
929 664 998 687 non
1027 651 1109 687 satis
1139 657 1236 688 caute
1258 665 1301 688 ex
1326 650 1422 688 codd.
1446 650 1529 687 scri-

207 717 309 759 ptura
331 711 715 748 ΟῩΜΤΙΦΩΝῩΚΕΟ
737 710 786 754 (Α
801 722 809 745 :
823 712 1264 757 ΑΥΜΤΙΦΩΝΠΚΕΟΤ)
1284 711 1441 747 effectum
1458 723 1531 746 esse

208 773 638 812 ΣΥΜΠΕΦΩΝΗΤΑῙ,
681 781 760 805 cum
803 769 917 816 potius
958 770 1069 805 subsit
1103 773 1531 814 EYMHEOssNHKA2;

214 830 306 877 quod
330 830 494 877 quoniam
517 829 620 865 etiam
638 829 790 876 sequenti
809 831 983 871 πέπεικας
1000 829 1085 865 bene
1097 829 1290 877 respondet,
1306 830 1375 865 iam
1391 834 1531 877 apparet

209 891 389 937 deceptum
414 902 489 925 esse
512 889 723 924 Bursianum
747 888 1019 923 antecedentium
1050 889 1241 925 litterarum
1269 890 1388 926 IIC'OI
1420 889 1530 936 specie

213 950 408 996 rectiusque
432 948 638 997 scripturum
674 947 780 983 fuisse
816 951 934 983 ΠΩΣ.
988 947 1160 983 Tenemus
1196 948 1286 985 enim
1322 948 1530 997 anaphoram

212 1010 296 1044 satis
321 1010 551 1056 perspicuam:
588 1009 680 1052 λέγε,
702 1010 768 1043 πῶ
780 1022 796 1049 ς
831 1007 924 1055 προς
959 1007 1026 1044 τὸν
1061 1011 1201 1056 πατέρα
1224 1011 1284 1054 τῆς
1307 1009 1532 1056 ἐφθαρμένης

209 1068 583 1117 συμπεφώνηκας,
607 1067 698 1112 λέγε,
721 1069 802 1109 πῶς
825 1069 1014 1111 πέπεικας,-

323 1127 510 1165 Graviores
535 1127 753 1163 difficultates
778 1127 917 1175 praebet
950 1126 993 1161 in
1028 1126 1169 1162 eadem
1202 1127 1224 1173 ξ
1260 1127 1316 1163 23.
1348 1140 1380 1174 p.
1407 1127 1531 1167 193‚17

210 1188 378 1223 sententia
408 1187 540 1222 Dioclis
571 1186 735 1232 Carystii.
772 1186 1008 1230 Kiesslingius
1044 1191 1181 1221 auctore
1211 1186 1382 1221 Bursiano
1422 1186 1528 1221 edidit

209 1248 307 1284 haec:
348 1248 488 1283 Diocles
511 1247 690 1295 Carystius
714 1261 736 1282 a
762 1253 864 1294 parte
891 1246 1011 1294 patris
1047 1246 1173 1281 ethicos
1198 1246 1304 1281 dimit:
1343 1244 1423 1290 ,ἐγώ
1464 1244 1529 1282 οὖν

209 1305 391 1342 ἀποθάνω
398 1308 423 1350 ‚-‘
446 1306 552 1342 θάνε.
577 1308 626 1347 εἷς
649 1309 685 1340 τί
709 1305 776 1352 γὰρ
801 1304 967 1352 ἦρπαζες,
995 1306 1045 1346 εἷς
1067 1308 1103 1339 τί
1125 1304 1194 1353 γὰρ
1218 1309 1393 1350 ΕΟΕΟΥ,
1422 1308 1471 1348 εἷς
1493 1310 1528 1341 τί

208 1365 278 1414 γὰρ
300 1366 469 1412 ε’μαίνους
503 1365 610 1401 Vides
634 1365 749 1413 ipsum
773 1364 943 1400 indicasse
973 1376 1078 1400 unam
1113 1369 1205 1400 certe
1234 1377 1353 1400 vocem
1376 1365 1528 1401 nondum

210 1431 426 1473 persanatam
450 1438 540 1470 esse;
565 1424 651 1460 mihi
677 1437 720 1460 ne
745 1424 922 1470 sequentia
945 1424 1084 1470 quidem
1117 1436 1202 1460 sana
1224 1425 1394 1460 videntur.
1442 1425 1531 1461 Filio

210 1487 354 1522 instanti
380 1492 415 1522 et
437 1486 574 1532 urgenti
609 1491 643 1521 et
678 1485 721 1520 ad
757 1491 947 1520 extremum
979 1484 1203 1530 interroganti
1239 1497 1330 1531 ‚ergo
1359 1485 1446 1521 mori
1476 1498 1531 1522 me

211 1547 261 1582 vis
270 1546 297 1581 '5³‘
323 1551 419 1594 pater
444 1545 626 1594 respondet
657 1557 751 1589 ‚sane
774 1543 931 1585 niorerel‘
968 1543 1103 1590 iamque
1127 1544 1201 1592 ipse
1224 1545 1335 1581 filium
1359 1550 1457 1590 urget
1480 1551 1531 1581 ter

210 1606 461 1652 interrogando,
498 1619 559 1642 cur
584 1606 693 1642 scelus
725 1606 811 1641 illud
836 1607 1065 1651 commiserit3
1104 1627 1147 1631 ——
1184 1606 1281 1642 cuius
1317 1606 1365 1641 rei
1400 1611 1531 1641 certum

210 1665 376 1702 indicium
400 1671 453 1701 est
475 1666 601 1713 triplex
632 1668 681 1707 εἷς
705 1669 740 1701 τί
762 1665 839 1713 γάρ.
888 1666 963 1701 Iam
987 1679 1068 1701 vero
1092 1678 1193 1701 nemo
1230 1666 1408 1710 dubitabit,
1446 1666 1530 1711 quin

212 1726 323 1772 primo
347 1725 422 1761 loeo
446 1730 536 1761 recte
554 1725 771 1761 emendatum
789 1726 834 1760 sit
857 1724 1005 1773 ἣρπαζες
1021 1725 1135 1770 (codd.
1152 1726 1280 1761 habent
1295 1726 1530 1768 EPIIAZEG,

212 1786 565 1831 A:EPEJIAZEC)‚
602 1786 823 1832 anquiremus
860 1786 965 1831 igitur
1001 1786 1069 1821 duo
1105 1787 1219 1832 verba,
1257 1797 1343 1831 quae
1377 1785 1428 1820 illi
1451 1797 1531 1820 cum

210 1845 359 1892 quadam
383 1845 418 1881 vi
443 1846 627 1894 superponi
651 1846 794 1893 possint.
854 1846 972 1892 Atque
1002 1846 1066 1881 sub
1099 1848 1260 1882 EOEOY
1290 1844 1345 1881 vel
1379 1845 1536 1882 EGEOY

213 1938 339 1976 σκάφοςτ
364 1940 486 1974 poterat
504 1938 568 1967 fere
593 1938 745 1975 integrum
764 1945 931 1975 agnoscere
956 1948 1137 1977 ταχεινον,
1162 1937 1219 1973 vel,
1244 1937 1271 1966 si
1294 1937 1367 1966 haec
1386 1937 1484 1966 forma
1502 1937 1531 1966 ei

212 1983 426 2020 displicuisset,
438 2000 469 2004 —
485 1983 604 2013 dubitat
623 1984 701 2013 enim
721 1984 758 2014 de
778 1992 815 2013 ea.
833 1984 1003 2013 Lobeckius
1022 1983 1134 2020 pathol.
1155 1991 1243 2012 serm.
1263 1983 1317 2013 Gr.
1336 1983 1409 2020 prol.
1428 1992 1455 2021 p.
1468 1985 1530 2021 190,

209 2046 246 2050 —
266 2031 349 2059 certe
369 2029 501 2060 scribere
521 2030 673 2071 ταχινὸν.
1446 2020 1451 2036 “

323 2075 342 2112 ¹)
360 2075 399 2105 In
422 2078 558 2106 extrema
582 2076 637 2105 hac
665 2076 731 2113 ipsa
758 2076 777 2115 ξ
798 2078 833 2109 16
860 2076 898 2105 in
922 2076 1085 2105 confinio
1110 2083 1164 2112 pp.
1189 2076 1243 2107 138
1266 2078 1304 2104 et
1329 2077 1381 2108 139
1405 2076 1530 2106 affertur

210 2122 328 2159 Graeca
356 2123 509 2151 sententia
537 2122 682 2151 Dorionis
712 2122 869 2156 ,attonitos
897 2123 994 2159 patris
1023 2121 1162 2151 adfectus
1190 2121 1392 2158 expfimentis‘
1420 2123 1529 2153 misere

208 2171 351 2206 corrupta
368 2177 493 2205 meoque
513 2168 621 2198 iudicio
640 2177 782 2207 magnam
800 2172 918 2206 partem
936 2170 1068 2199 nondum
1088 2169 1255 2199 emendata.
1291 2170 1470 2207 Antiquitas
1489 2170 1530 2200 ibi

209 2215 312 2245 edunt:
334 2215 485 2255 φοβοῦμαι
504 2216 571 2257 περὶ
591 2215 637 2252 τῆς
656 2217 834 2255 οἰκουμένης,
847 2232 885 2237 —
903 2217 936 2244 et
953 2217 1056 2244 tamen
1074 2214 1144 2251 quid
1162 2213 1293 2252 ineptius
1313 2224 1401 2252 quam
1420 2216 1529 2247 timere

208 2261 287 2289 hunc
304 2263 423 2297 patrem
442 2262 479 2290 de
500 2262 570 2290 orbe
588 2261 763 2290 terrarum?
791 2265 1038 2290 οΙΚΟῩΜΕΝΕ
1062 2261 1140 2297 quod
1163 2261 1245 2290 codd.
1267 2262 1387 2299 habent,
1410 2263 1530 2293 videtur

209 2314 277 2336 esse
294 2311 551 2344 01K01MENE;
569 2309 635 2336 tum
659 2315 732 2336 sane
754 2307 950 2336 manifestum
965 2308 1014 2335 est
1030 2308 1102 2343 post
1115 2307 1265 2347 φοβοῦμαι
1279 2309 1346 2350 περὶ
1359 2309 1406 2346 τῆς
1418 2309 1529 2347 aliquid

209 2353 366 2391 excidisse,
393 2354 550 2391 possisque
573 2354 771 2392 probabiliter
793 2355 929 2384 inserere
952 2357 1122 2384 ΤΥΧΗΣ.
1159 2353 1207 2384 De
1226 2355 1348 2393 reliquis
1371 2356 1435 2394 ipse
1454 2357 1529 2387 nihil

208 2399 355 2430 extricavi
374 2400 497 2438 dignum
517 2403 757 2431 commemoratu.
