1740 2765
451 721 733 760 AEMILIUS
780 721 1018 760 'I'HOMAS
1064 723 1140 760 DE
1187 722 1328 760 VITA
1375 723 1498 760 SUA.

423 898 536 933 Natus
567 909 645 932 sum
674 895 861 940 Schrodae,
895 897 932 931 in
963 897 1087 944 oppido
1116 897 1357 941 Posnaniensi‚
1388 897 1420 932 d.
1451 897 1550 933 VIII.
1582 911 1627 933 m.

311 957 403 1003 Aug.
429 969 459 993 a.
483 955 779 992 MDGGCLVHI
802 960 898 1003 patre
921 955 1103 992 Boleslavo
1127 956 1379 1001 iurisconsulto,
1404 962 1514 993 matre
1529 957 1629 993 Elisa

311 1030 330 1051 e
353 1022 455 1062 gente
490 1015 716 1060 Brachvogel,
754 1027 840 1061 quos
877 1015 976 1050 vivos
1013 1016 1069 1062 pie
1105 1029 1257 1051 veneror.
1304 1017 1403 1052 Fidei
1437 1016 1628 1064 adscriptus

312 1088 389 1111 sum
413 1075 641 1122 evangelicae.
687 1074 877 1111 Elementis
902 1075 1093 1111 litterarum
1117 1076 1208 1111 intra
1231 1076 1382 1124 privatos
1407 1076 1553 1124 parietes
1569 1090 1629 1124 per

310 1136 494 1182 magistros
541 1135 709 1183 quosdam
748 1135 903 1171 imbutus
946 1148 1037 1171 anno
1073 1135 1107 1171 h.
1145 1148 1171 1171 s.
1204 1135 1374 1181 LXVIII,
1410 1149 1489 1172 cum
1533 1143 1629 1185 pater

310 1197 583 1233 Krotoschinum
607 1196 878 1243 commigrasset,
902 1196 1095 1242 gymnasio,
1121 1196 1213 1243 quod
1236 1197 1284 1232 ibi
1309 1196 1518 1244 Gladisohio,
1548 1211 1629 1233 sene

311 1257 509 1301 venerabili,
534 1261 664 1292 rectore
688 1262 770 1291 tunc
800 1256 960 1300 florebat,
989 1255 1135 1290 traditus
1165 1268 1242 1290 sum
1273 1256 1413 1302 eiusque
1441 1257 1627 1302 discipulus

311 1329 371 1364 per
395 1322 470 1352 octo
494 1328 603 1352 annos
626 1316 686 1352 fui.
735 1315 798 1352 Pio
814 1316 927 1351 animo
945 1328 1080 1364 semper
1095 1315 1206 1352 colam
1221 1323 1476 1365 praeceptorum
1492 1318 1628 1354 carissi-

311 1390 446 1412 morum
485 1376 702 1419 memoriam,
742 1377 802 1422 qui
841 1376 1035 1411 liberalium
1074 1376 1266 1411 studiorum
1306 1390 1457 1411 amorem
1496 1378 1533 1412 in
1572 1392 1627 1413 me

311 1436 508 1471 excitarunt
531 1440 565 1471 et
601 1435 772 1478 foverunt,
807 1435 897 1470 inter
932 1447 1017 1481 quos
1042 1447 1121 1470 cum
1144 1434 1349 1470 Nielaender
1383 1441 1417 1471 et
1451 1429 1628 1472 Guenther

312 1495 479 1543 philologi
503 1500 537 1530 et
565 1493 789 1530 Schoenborn
813 1494 1086 1539 mathematicus,
1116 1500 1190 1529 tum
1218 1494 1525 1541 Leuchtenberger,
1562 1509 1626 1543 gy-

311 1555 435 1590 mnasii
458 1554 762 1589 Krotoschinensis
786 1554 852 1589 hoc
872 1560 1024 1600 tempore
1039 1559 1160 1600 rector,
1184 1555 1281 1589 cuius
1297 1555 1433 1601 egregia
1448 1555 1628 1603 disciplina

314 1627 375 1663 per
397 1627 506 1650 uuum
531 1613 653 1650 saltem
676 1626 806 1649 annum
834 1613 884 1649 uti
907 1613 991 1650 mihi
1021 1614 1173 1661 contigit,
1205 1614 1384 1663 praecipue
1406 1615 1493 1651 mihi
1516 1616 1627 1652 nomi-

312 1675 416 1711 nandi
448 1680 540 1711 sunt.
593 1674 683 1710 Vere
717 1675 799 1710 anni
832 1674 865 1709 h.
898 1686 924 1709 s.
957 1673 1116 1709 LXXVI
1151 1675 1359 1710 maturitatis
1394 1676 1627 1711 testimonium

310 1735 454 1783 adeptus
478 1734 635 1782 Lipsiam
666 1746 721 1770 me
751 1734 880 1771 contuli
912 1734 1034 1769 studiis
1063 1734 1279 1782 philologieis
1309 1747 1446 1782 operam
1476 1737 1627 1770 daturus.

311 1794 384 1831 Sex
399 1794 576 1830 mensibus
592 1799 670 1842 post
684 1793 809 1830 Jenam
825 1793 970 1840 migravi
992 1793 1108 1840 ibique
1124 1793 1192 1829 duo
1209 1794 1385 1830 semestria
1401 1800 1628 1831 commoratus

310 1867 490 1891 amoenam
522 1854 780 1890 universitatem
811 1854 1014 1890 Rhenanam
1043 1854 1123 1889 adii.
1177 1853 1287 1890 Cuius
1316 1854 1402 1890 civis
1438 1867 1515 1890 cum
1547 1855 1628 1891 item

310 1928 371 1964 per
394 1915 462 1951 duo
492 1914 669 1950 semestria
696 1913 850 1960 fuissem,
879 1919 1064 1950 auctumno
1087 1914 1169 1949 anni
1193 1913 1228 1949 h.
1254 1926 1280 1949 s.
1307 1913 1500 1950 LXXVIII
1523 1916 1629 1951 Bero-

310 1976 421 2011 linum
445 1975 552 2023 petivi
575 1980 678 2021 atque
706 1975 820 2011 adhuc
849 1975 886 2010 in
914 1975 980 2011 hac
1002 1975 1094 2010 alma
1122 1974 1313 2009 litterarum
1341 1974 1420 2010 sede
1448 1975 1491 2009 ad
1516 1975 1629 2011 studia

311 2047 388 2071 mea
434 2034 585 2070 incubui.
664 2032 808 2069 Scholas
845 2033 1060 2081 frequentavi
1097 2032 1327 2081 professorum
1362 2032 1629 2071 clarissimorum

310 2095 448 2132 Ritschl
471 2094 614 2132 Curtius
639 2094 758 2141 Lange
781 2095 933 2131 Leskien
948 2094 1223 2131 Huebschmann
1239 2094 1483 2143 Lipsiensium,
1506 2094 1629 2137 Rohde

310 2157 352 2192 de
376 2155 585 2193 Gutschmid
616 2155 814 2191 Delbrueck
846 2155 991 2191 Eucken
1027 2154 1242 2200 Jenensium,
1278 2155 1466 2191 Buecheler
1494 2154 1630 2191 Usener

309 2217 448 2253 Kekule
493 2216 745 2262 Bonnensium,
791 2215 928 2255 Vahlen
971 2215 1159 2251 Kirchhoff
1199 2214 1366 2252 Huebner
1402 2215 1633 2253 Muellenhoff

309 2277 422 2313 Zeller
444 2277 733 2313 Berolinensium.
781 2276 920 2323 Lipsiae
936 2281 1110 2323 praeterea
1125 2275 1252 2311 sodalis
1273 2276 1322 2311 fui
1343 2281 1377 2311 et
1392 2275 1628 2323 proseminarii

310 2337 519 2385 philologici,
544 2336 636 2383 quod
665 2335 904 2372 moderabatur
927 2335 1078 2382 Lipsius,
1109 2340 1143 2372 et
1174 2334 1288 2372 Curtii
1317 2335 1486 2371 societatis
1514 2347 1628 2381 gram-

311 2397 455 2435 maticae
488 2402 522 2433 et
551 2395 731 2444 Goeringii
760 2396 931 2433 societatis
959 2396 1223 2445 philosophicae.
1271 2395 1378 2433 Porro
1407 2396 1515 2433 Jenae
1542 2395 1629 2432 mihi
