1683 2802
698 125 928 161 ...17-

156 226 373 275 potissimum
397 225 592 273 appendicis
615 226 690 261 loco
714 237 951 273 expromemus
976 230 1128 261 nostram
1143 225 1185 262 de
1201 231 1272 261 toto
1288 226 1348 261 illo
1364 225 1477 262 colore

156 286 374 330 sententiam,
407 285 579 321 diversam
603 290 637 321 et
660 285 703 321 ab
727 285 864 321 illorum
889 290 923 321 et
946 298 967 321 a
990 290 1178 321 ceterorum
1201 285 1398 322 criticorum
1421 298 1477 322 ra-

155 346 317 381 tionibus.
365 345 484 380 Edidit
514 350 629 380 autem
652 344 885 390 Kiesslingius
916 345 1060 391 receptis
1098 345 1297 381 certissimis
1333 346 1476 392 quibus-

154 404 234 440 dam
258 404 563 448 emendationibus,
588 415 732 450 quarum
756 409 911 441 auctores
935 403 995 450 qui
1015 403 1085 438 sint
1107 403 1150 439 ab
1174 403 1250 451 ipso
1274 405 1476 451 requiratur,

154 465 329 511 aliquanto
353 464 493 511 politius
518 475 622 509 quam
645 468 745 499 antea
767 463 895 499 factum
923 469 998 499 erat
1021 463 1120 500 haec:
1157 466 1386 512 Arqentarius
1415 466 1478 500 Izoc

156 525 265 560 colore
289 524 508 559 declamavit:
533 523 600 558 duo
626 524 847 559 luaeuriantur
870 522 967 568 (una)
1003 524 1041 558 in.
1076 522 1190 558 domo:
1227 524 1313 558 alter
1336 525 1477 569 iuvenis,

154 585 242 620 alter
265 597 367 620 senex
373 598 385 629 ,-
421 584 508 619 alter
534 584 645 631 filius,
682 583 767 618 alter
794 591 914 632 pater,·
947 590 1085 631 uterque
1121 596 1224 631 aeque
1249 584 1367 620 licenti
1387 585 1479 619 cultu

153 658 218 692 per
243 644 424 692 publicum
454 643 589 679 incedit.
620 644 707 679 alter
733 644 827 679 vobis
855 644 917 679 lzoc
941 645 1009 679 ait:
1046 645 1212 679 concessis
1248 646 1354 679 aetati
1385 645 1478 679 volu-

147 704 303 752 ptatibus
316 710 393 738 utor
410 710 440 738 et
457 703 609 738 iuvenali
630 703 699 751 leye
723 703 906 751 deffunyom
929 703 1015 738 bona
1031 715 1089 750 eqo
1110 709 1217 737 aetate
1242 704 1353 750 coepi;
1376 704 1482 739 simul

147 765 304 812 primum
338 763 400 798 hoc
436 763 631 798 tirocinium
668 761 913 798 adulescentiae
950 763 1052 809 quasi
1084 762 1231 798 debitum
1267 776 1307 798 ac
1336 764 1479 800 solentne

149 824 356 871 persolvero,
393 830 545 858 reverta-r
586 822 634 857 ad
667 824 769 858 bonos
803 836 923 858 mores.
959 822 1000 857 id
1015 823 1120 869 facio
1150 822 1241 869 quod
1256 830 1362 870 pater
1385 837 1478 859 meus

144 884 249 931 fecit,
275 896 350 918 cum
374 883 506 917 iuvenis
531 888 623 917 esset.
649 883 809 931 neqabit?
835 883 898 929 qui
918 882 1050 928 qualem
1073 895 1212 917 causam
1241 883 1360 918 habeat
1383 883 1478 918 vidc-

154 944 253 988 ritis;
272 943 396 990 faciat
424 943 560 977 etiamsi
586 955 654 978 non
684 942 775 989 quod
797 949 925 990 oportet
937 942 1036 989 fleri,
1064 948 1099 977 at
1123 941 1216 989 quod
1236 943 1328 978 solet.
1378 943 1478 979 Alter

156 1004 222 1038 ait:
262 1004 333 1038 scio
374 1015 425 1037 me
468 1015 591 1037 novum
634 1003 781 1037 civitatis
814 1002 1018 1037 miraculum
1057 1002 1222 1046 incedere,
1263 1003 1478 1039 luxuriosum

155 1076 275 1107 senem,
311 1062 372 1097 sed
405 1063 467 1097 hoc
491 1062 685 1110 castiyandi
714 1076 818 1110 yenus
854 1063 1110 1097 commouentius
1124 1063 1271 1105 ,vimm3
1307 1070 1344 1097 ut
1368 1076 1477 1099 emen-

156 1122 273 1157 darem
286 1122 414 1168 filium‚
439 1123 513 1169 ipse
529 1135 677 1169 peccare
701 1123 805 1169 coepi.
858 1122 913 1157 Ita
936 1123 972 1157 si
992 1135 1073 1157 avos
1096 1122 1237 1165 viveret,
1262 1130 1298 1157 ut
1321 1135 1416 1157 nemo
1440 1123 1476 1158 in

157 1181 255 1216 domo
280 1182 476 1216 luoeuriosus
500 1188 592 1224 esset,
617 1188 684 1215 tres
708 1182 882 1216 luxuriosi
891 1181 1068 1227 fuissetis.
1139 1180 1255 1226 Atque
1280 1179 1336 1216 W.
1361 1180 1476 1217 Muel-

158 1240 250 1275 lerus
274 1239 414 1286 quidem
437 1240 539 1275 verba
562 1240 602 1276 id
618 1241 723 1288 facio
748 1267 756 1275 .
783 1267 791 1275 .
815 1267 823 1275 .
841 1237 982 1288 ‘negabit
1006 1239 1089 1275 illuc
1112 1240 1171 1275 ubi
1196 1252 1287 1275 nunc
1311 1240 1475 1287 leguntur

156 1299 384 1346 transposuit3
408 1300 445 1333 in
469 1299 565 1335 codd.
590 1303 725 1334 exstant
749 1304 825 1345 post
842 1299 1017 1347 defungor.
1067 1299 1118 1333 At
1138 1311 1218 1334 vero
1243 1299 1309 1334 ista
1332 1300 1473 1345 ratione,

158 1360 186 1394 si
212 1359 295 1406 quid
318 1359 428 1404 video,
453 1358 701 1406 dispescuntur,
738 1370 824 1405 quae
860 1363 932 1394 arte
967 1358 1148 1394 coniuncta
1181 1365 1270 1394 sunt.
1331 1359 1472 1408 Optime

157 1418 345 1465 procedunt
367 1419 467 1455 haec:
494 1419 637 1462 ‚iuvenis
662 1431 723 1464 ego
747 1419 915 1454 luxurior:
939 1419 1013 1453 iure
1034 1418 1199 1461 luxurior,
1224 1432 1305 1453 nam
1329 1425 1363 1454 et
1378 1425 1475 1466 pater

157 1490 254 1513 meus
277 1476 413 1512 iuvenis
437 1476 528 1512 idem
551 1477 644 1512 fecit:
670 1476 729 1512 sed
753 1477 783 1511 si
806 1477 907 1512 aetati
930 1476 1136 1521 satisfecero,
1162 1476 1205 1512 ad
1230 1477 1338 1513 bonos
1362 1490 1473 1514 mores

155 1539 328 1574 revertar?
381 1537 429 1573 Et
464 1537 628 1573 habemus
664 1538 730 1573 hoc
764 1537 864 1573 modo
893 1537 996 1573 etiam
1024 1537 1166 1584 probam
1191 1537 1389 1583 clausulam,
1414 1538 1475 1574 ad-

154 1598 261 1632 missa
300 1597 566 1645 transpositione
607 1597 774 1632 sententia
811 1597 988 1632 claudicat.
1048 1595 1121 1632 Cur
1160 1596 1265 1642 igitur
1303 1598 1472 1634 rationem

154 1658 250 1693 illam
278 1658 356 1693 iniit
384 1656 595 1693 Muellerus?
650 1658 708 1692 An
745 1657 886 1704 putabat
921 1657 997 1692 istis
1033 1657 1148 1693 verbis
1184 1658 1297 1704 aptius
1333 1658 1475 1705 adiungi

156 1717 218 1751 illa
242 1719 305 1764 qui
325 1718 456 1764 qualem
480 1730 616 1752 causam
639 1718 758 1752 habeat
782 1743 790 1751 .
816 1743 824 1751 .
849 1716 952 1752 solet?
998 1716 1041 1751 In
1069 1716 1134 1760 his,
1172 1728 1258 1762 quae
1282 1729 1365 1753 sane
1389 1718 1477 1754 siout

155 1776 302 1812 eduntur
324 1775 476 1821 intellegi
501 1776 640 1811 omnino
665 1788 735 1811 non
759 1788 859 1823 posse
883 1775 1060 1820 contendo,
1096 1775 1270 1811 cardinem
1303 1776 1353 1811 rei
1388 1778 1476 1813 verti

157 1835 315 1882 equidem
338 1836 539 1881 putaverim.
588 1836 642 1870 Ne
666 1835 791 1871 multa:
816 1835 865 1870 sic
889 1835 1110 1870 scribendum
1139 1840 1173 1870 et
1196 1836 1477 1881 distinguendum

155 1894 321 1930 arbitror:
346 1896 445 1929 Alter
474 1895 568 1929 vobis
598 1895 659 1928 hoc
688 1895 755 1928 ait.-
785 1895 961 1929 ‘concessis
988 1896 1096 1929 aetati
1120 1895 1376 1942 voluptatibus1)
1400 1903 1478 1931 utor

156 1963 187 1989 et
212 1981 219 1988 .
246 1981 254 1989 .
280 1954 463 2001 defunyor,
486 1954 526 1989 id
538 1954 641 2001 facio
667 1953 756 2000 quod
779 1981 787 1988 .
814 1981 822 1988 .
831 1954 925 1999 fecit
949 1979 958 1986 ρ
984 1981 991 1988 .
1012 1954 1166 2002 neyabit?
1186 1955 1272 1990 bona
1296 1968 1354 2003 eqo
1370 1962 1478 1991 aetate

157 2016 255 2062 coepi
258 2028 269 2059 ,·
292 2015 396 2049 simul
417 2041 425 2048 .
454 2041 461 2048 .
481 2014 688 2061 persolvero,
714 2020 866 2048 revertar
890 2013 938 2048 ad
961 2014 1061 2048 bonos
1077 2015 1207 2049 mores.'
1234 2015 1320 2061 qui2)
1346 2016 1478 2062 qualem

157 2088 295 2109 causam
317 2074 435 2109 habeat
458 2073 633 2108 videritis:
646 2072 775 2119 facz'tss)
806 2074 942 2108 etiamsi
966 2087 1033 2109 non
1063 2073 1156 2121 quod
1179 2081 1307 2122 oportet
1320 2075 1417 2121 fleri,
1442 2081 1479 2110 at

157 2134 248 2180 quod
269 2135 359 2169 solet.
413 2134 511 2169 Alter
540 2134 606 2169 ait:
636 2133 716 2168 ‘scio
746 2147 797 2168 me
827 2160 835 2169 .
861 2161 868 2168 .
898 2133 1053 2169 incedere
1083 2161 1091 2168 .
1118 2161 1126 2168 .
1156 2134 1217 2169 sed
1241 2162 1249 2170 .
1274 2161 1283 2169 .
1310 2143 1345 2169 ut
1370 2149 1475 2170 emen-

268 2223 290 2259 1)
312 2223 361 2253 Sic
380 2222 565 2259 Bursianus;
584 2222 667 2252 codd.
688 2232 769 2262 opus
807 2223 857 2252 An
876 2223 976 2253 verius
997 2223 1099 2253 otiis?

267 2279 289 2314 ²)
310 2278 378 2309 Scil.
397 2277 582 2308 adolescens.

267 2335 291 2372 ³)
312 2335 399 2373 Quod
427 2335 510 2365 codd.
538 2334 650 2364 habent
669 2335 771 2375 saciat
798 2334 925 2371 proclivi
953 2342 1055 2364 errore
1085 2334 1152 2363 inde
1183 2337 1283 2364 ortum
1313 2337 1371 2370 est,
1400 2335 1478 2373 quod

158 2381 242 2410 modo
261 2384 472 2418 praecesserat
491 2380 604 2411 habeat.

1294 2438 1311 2469 2
