1683 2802
701 109 921 149 ,39-

159 223 258 269 quid3
283 235 327 248 -’-
351 235 460 269 neque
483 234 563 259 vero
586 224 652 259 hoc
674 224 711 259 in
735 224 901 271 profundo
931 224 1066 270 penitus
1096 215 1292 260 abstrusum
1315 216 1466 270 est,‘'{sed

159 282 241 318 satis
265 274 363 318 facile
386 283 514 318 amitus
536 283 599 319 ita:
629 283 726 319 mam
747 284 899 332 supplica·
930 283 1107 319 invisam
1130 279 1133 281 ’
1141 283 1287 332 faciem.
1336 282 1464 321 Excer-

158 348 294 390 ptorum
322 343 510 378 auctoritati
538 343 574 378 in
604 342 665 379 tali
691 356 728 379 re
756 342 842 378 nihil
865 340 1083 380 tribuendum
1111 355 1186 380 esse
1213 343 1279 380 hoc
1306 343 1379 381 loco
1401 344 1465 380 *vel

158 402 304 438 maxime
326 403 561 438 confirmatur:
585 403 748 438 nimirum
771 403 830 448 qui
859 403 920 437 illa
942 402 1086 438 confecit
1126 403 1209 438 satis
1237 402 1370 438 'habuit
1404 407 1464 439 ex-

159 461 304 497 scribere
340 461 389 509 (p.
414 460 556 506 378,29)
593 463 772 509 proponite
806 462 959 510 supplici
966 462 1102 509 facim
1125 475 1191 509 eqo.

267 519 407 557 Gontr.
436 519 554 555 VIIII.
579 520 668 564 27,6.
692 532 725 567 p.
750 520 892 563 421‚28:
923 521 1001 556 duci
1027 521 1141 556 Bam:
1170 522 1335 564 Quoniam
1361 524 1464 569 usque

158 593 195 616 eo
229 581 398 616 saeculum
424 587 587 615 mutatum
616 587 672 624 est,
708 577 766 625 (ut)
793 579 999 628 parricidae
1030 588 1131 628 pater
1165 580 1266 625 adsit,
1301 594 1379 616 noe*
1398 581 1465 626 (sic

159 639 272 683 Burs„
309 639 406 675 codd.
435 638 516 684 non)
551 640 649 674 istius
680 639 896 675 advocationi
927 639 1097 675 adsumus.
1147 637 1261 675 ⁴Plane
1296 640 1465 676 contraria

158 697 241 734 haec
272 703 324 734 est
355 698 524 734 sententia
552 698 601 742 ei,
632 709 735 744 quam
762 697 919 744 equidem
950 698 1236 745 exspectaverim3
1266 699 1344 734 cum
1372 699 1464 734 enim

159 757 304 793 disserat
334 757 464 793 Bassus
492 763 609 794 contra
638 756 766 801 filium,
795 757 901 805 patris
933 756 1190 793 advocationem
1224 758 1365 808 probare
1394 771 1463 794 non

159 822 279 865 potest.
315 817 462 854 Proinde
497 816 685 853 clausulam
720 816 768 853 sic
804 815 1012 853 conformare
1046 816 1183 853 malim:
1218 817 1329 863 noe¹)
1365 817 1465 881 istius

163 877 377 913 advocatzoni
398 878 597 913 desumus.

267 930 323 967 Co
332 936 407 967 ntr
432 930 478 966 X.
503 931 592 975 30‚9.
617 942 650 977 p.
666 930 806 974 472‚19:
831 930 938 965 Latro
953 932 1003 965 sic
1019 929 1153 967 dimbu:
1169 946 1213 967 an
1229 934 1265 967 in
1282 946 1319 967 re
1334 934 1466 968 iniuna

158 993 212 1027 sit.
238 993 354 1037 Nulla,
378 992 498 1038 inquit,
522 991 652 1026 iniuria
676 997 731 1026 est.
749 990 944 1026 sordidatus
959 1004 1049 1035 1111111,-
1073 1005 1173 1038 quam
1196 992 1297 1027 mulii
1305 992 1469 1039 faciunt!

158 1051 280 1086 Omnia
301 1052 449 1086 iniuriae
467 1063 592 1098 genera
621 1049 718 1097 (ἱερεῖ)
748 1051 982 1097 comprehensa
1004 1058 1098 1085 sunt.-
1126 1052 1266 1098 pulsare
1288 1065 1355 1087 non
1377 1051 1464 1095 licet,

160 1111 340 1147 convitium
352 1110 476 1157 facere
500 1116 617 1145 contra
649 1109 748 1144 bonos
769 1122 879 1144 ‘mores
900 1122 967 1144 non
990 1109 1077 1145 licet.
1124 1110 1198 1145 Hoc
1222 1111 1292 1146 loco
1314 1109 1465 1146 Scaurus·

160 1170 264 1203 dz'aez't:
287 1182 374 1203 nova
386 1169 547 1214 formula
569 1169 776 1202 iniuriarum
800 1170 1024 1214 componitur:
1061 1168 1164 1214 ‘quod
1186 1170 1244 1204 ille
1271 1171 1329 1204 illi
1349 1174 1465 1218 contra

160 1228 260 1264 bonos
281 1240 391 1263 ‘mores
414 1228 592 1262 convitium
613 1224 744 1274 (fecz'Q’.
779 1224 941 1261 Extrema
962 1225 1065 1261 huius
1093 1225 1158 1261 loci
1180 1227 1285 1262 verba
1307 1227 1344 1261 in
1365 1226 1462 1263 codd.

160 1289 209 1325 sic
233 1288 357 1335 scripta
381 1292 475 1324 sunt:
501 1286 591 1335 quod
612 1287 669 1322 ille
693 1286 822 1331 (errore
846 1299 910 1322 om.
935 1285 981 1331 T)
1011 1287 1069 1323 illi
1089 1294 1206 1323 contra
1228 1287 1329 1323 honos
1352 1292 1461 1324 mores

161 1348 221 1393 (B:
254 1347 374 1391 moros)
398 1348 446 1382 vit
469 1346 531 1391 (Tt
556 1346 655 1392 fuit).
703 1344 860 1389 Quorum
883 1345 1073 1381 emendatio
1096 1347 1225 1381 nemini
1248 1346 1360 1382 adhuc
1383 1360 1459 1394 pro-

160 1420 256 1455 spere
290 1407 401 1443 cessit.
448 1405 565 1441 Potest
592 1410 703 1440 autem
734 1404 863 1451 liquido
891 1404 1082 1440 confirmari
1113 1404 1278 1441 Scaurum
1309 1405 1459 1442 indidem

160 1467 356 1514 profectum,
381 1465 471 1500 unde
492 1464 661 1512 profectus
685 1470 756 1499 erat
779 1463 894 1507 Latro,
917 1464 1043 1500 ironice
1066 1465 1180 1500 nescio
1203 1465 1285 1511 q'uid
1308 1478 1458 1512 pronun·-

160 1527 262 1570 tiare3
289 1526 398 1562 elucet
432 1524 497 1560 hoc
524 1536 567 1559 ex
595 1523 707 1558 verbis
730 1536 817 1559 nova
828 1523 988 1570 formula
1010 1525 1215 1559 iniuriarum
1240 1527 1460 1573 componitur,

157 1596 246 1632 'quae
269 1584 435 1632 quomodo
459 1582 685 1629 intellegenda
708 1582 778 1617 sint
800 1587 838 1617 ut
860 1582 1078 1629 percipiatur,
1102 1587 1208 1618 unum
1232 1589 1322 1619 certe
1344 1588 1460 1620 exem-

160 1646 256 1693 plum
288 1644 387 1680 liceat
421 1643 557 1687 afferre,
589 1655 622 1689 p.
649 1642 771 1685 194,24
809 1643 900 1677 Novi
926 1644 1058 1690 qenerazs»
1090 1642 1255 1679 dementia
1290 1644 1460 1691 aryuitur‘:

160 1719 263 1741 sanus
298 1718 399 1750 eram,
424 1705 459 1739 si
485 1716 551 1738 non
579 1715 787 1752 aquo-§cerem
816 1715 914 1737 meos.
960 1701 1011 1736 At
1034 1714 1112 1737 vero
1147 1702 1238 1748 quod
1269 1701 1460 1737 Bursianus

160 1765 366 1811 antiquiores
410 1763 479 1799 fere
525 1767 658 1798 secutus
704 1760 808 1796 edidit
851 1761 942 1808 quod
982 1762 1040 1796 ille
1076 1762 1167 1797 nihil
1206 1769 1323 1798 contra
1359 1763 1461 1798 bonos

160 1838 268 1861 mores
296 1824 388 1870 fecit
424 1821 577 1858 acumine
614 1820 713 1868 plane
750 1824 840 1856 caret
876 1831 984 1866 neque
1021 1832 1162 1867 possum
1195 1826 1310 1868 aptam
1345 1822 1381 1857 in
1421 1834 1460 1857 eo

160 1882 409 1931 deprehendere
454 1881 607 1917 ironiam.
674 1878 785 1915 Multo
831 1879 932 1914 etiam
977 1879 1143 1915 minorem
1188 1880 1461 1927 probabilitatem

160 1943 264 1978 habet
291 1940 493 1985 Kiesslingii
524 1938 747 1974 audacissima
776 1938 975 1982 coniectura,
1011 1950 1114 1984 quam
1148 1939 1185 1973 in
1219 1944 1314 1975 textu
1348 1940 1462 1987 posuit

161 2013 329 2050 supraque
363 2012 439 2036 eam
472 2011 534 2034 nos
569 1997 796 2033 exhibuimus:
828 1997 952 2032 etenim
982 2002 1016 2033 et
1043 1998 1320 2045 praecedentibus
1349 1999 1460 2035 decla-

160 2066 254 2097 ratur
288 2066 322 2096 et.
357 2073 417 2108 per
452 2072 487 2095 se
522 2058 603 2093 satis
632 2061 763 2093 constat
796 2056 891 2092 illam
924 2056 1035 2104 ipsam
1067 2056 1248 2094 formulam
1282 2055 1389 2095 fuisse
1418 2072 1461 2096 ex

162 2120 385 2156 sollemnibus
409 2123 443 2154 et
465 2118 608 2153 usitatis.
637 2117 714 2161 Age
738 2128 818 2151 vero
842 2116 1137 2161 consideremus,
1127 2130 1164 2152 1n
1186 2129 1335 2173 quanam
1358 2130 1461 2174 quae-

272 2185 292 2228 i)
311 2190 457 2221 Similiter
472 2192 604 2220 enatum
617 2192 665 2219 est
683 2189 803 2218 contr.
821 2187 895 2218 VII.
912 2189 984 2221 20‚4
1003 2197 1031 2225 Ρ.
1050 2190 1157 2235 336,13,
1177 2189 1227 2219 ubi
1240 2190 1322 2220 codd.
1336 2190 1392 2221 AB
1410 2200 1461 2234 ex-

160 2237 263 2268 hibent
287 2236 452 2268 adulteram
475 2246 529 2267 nos
547 2237 640 2266 time.
672 2235 784 2266 Veram
811 2234 970 2264 lectionem
996 2244 1055 2265 mm
1083 2236 1163 2265 times
1189 2236 1314 2273 praebet
1342 2237 1407 2268 cod.
1425 2231 1461 2270 T,

161 2292 257 2322 neque
280 2283 444 2314 audiendus
473 2285 521 2313 est
543 2281 736 2319 Kisslingius,
765 2280 815 2318 qui
842 2290 861 2310 a
888 2281 1031 2321 mendosa
1057 2281 1112 2321 1118
1129 2281 1295 2341 scriptura
1310 2283 1462 2321 profectus

158 2331 256 2361 edidit
273 2330 367 2381 noeti.-
