1740 2765
751 146 982 181 —44-

212 246 391 291 indignam
427 246 498 280 fore
533 258 650 293 spero:
674 244 808 287 πάντες
842 244 1004 292 ἐνόμιζον
1039 245 1096 282 ὅτι
1123 248 1374 288 ΕΛΕΛΥἿῸ,·
1396 242 1431 278 id
1455 247 1520 278 est:

209 304 391 340 credebant
413 316 532 339 omnes
562 305 690 352 captivi
717 305 759 348 ei,
789 305 849 351 qui
873 317 916 340 ex
948 317 1081 341 carcere
1110 304 1153 340 ad
1182 304 1417 352 proconsulem
1447 314 1523 338 coe-

208 370 345 400 nantem
369 363 492 399 ductus
516 370 598 408 erat,
623 365 667 400 ab
690 364 755 400 hoc
778 364 968 400 libertatem
994 377 1067 400 esse
1091 376 1295 400 concessam.

315 441 456 479 Contr.
481 441 600 478 VIHI.
618 443 733 486 29‚18.
759 456 791 491 p.
809 443 952 487 445‚10:
978 445 1113 480 Nicetes
1138 444 1266 492 eyreqie
1290 442 1381 477 dim
1403 444 1439 478 in
1463 443 1525 477 hoc

203 503 316 539 eodem
333 505 423 539 loco:
447 503 589 539 συνοῒδέ
602 505 663 548 μοί
680 511 800 550 φησιν,
824 502 846 550 ἡ
868 502 1042 552 θυγάτηρ,
1063 505 1121 539 καὶ
1138 504 1369 551 προσέθηκεν·
1387 503 1423 537 ἐκ
1437 500 1519 537 τού-

207 576 281 599 του.
331 561 390 599 Sic
419 562 523 609 vulgo
553 562 636 598 haec
666 563 749 598 olim
779 563 1114 610 circumferebantur,
1137 565 1186 600 sic
1211 576 1326 599 secure
1350 561 1528 598 ediderunt

204 628 238 658 et
260 622 453 657 Bursianus
470 628 504 657 et
519 622 773 668 Kiesslingius:
798 635 861 668 ego
878 628 916 657 ut
933 629 1043 658 cetera
1058 624 1162 670 probe
1186 623 1361 659 emendata
1385 621 1524 668 accipio,

203 683 251 717 ita
275 681 445 717 Graecum
458 695 539 729 §non
564 688 645 730 puto
676 681 696 729 ἡ
725 680 887 730 θυγάτηρ
916 683 953 718 ἐκ
976 682 1116 726 τούτου,
1148 695 1293 729 cumque
1322 695 1366 717 ne
1394 681 1527 717 codices

204 742 342 788 quidem
372 741 555 777 exhibeant
586 746 660 784 ΕΚ,
693 742 753 777 sed
781 746 824 784 K,
854 755 922 777 non
955 743 1083 787 dubito,
1116 743 1198 789 quin
1224 741 1441 778 scribendum
1467 741 1526 778 sit:

205 802 347 838 συνοϊδέ
368 805 443 848 μοί,
467 811 588 850 φησιν,
612 801 633 848 ἢ
656 800 817 849 θυγάτηρ
831 811 839 819 ·
852 803 911 837 καὶ
935 805 1159 849 προσέθηκεν
1172 811 1181 819 ·
1197 805 1237 837 Η
1255 800 1391 837 τούτου.

317 879 460 915 Contr.
483 880 529 914 X.
555 880 668 922 30‚15.
700 892 733 926 p.
757 880 876 922 4769:
914 880 1003 915 illud
1025 882 1062 915 in
1085 881 1298 915 narratione:
1332 877 1406 914 ὑπὸ
1433 882 1529 921 τίνος

204 938 374 990 ἀνῃρέθη,
395 937 457 975 οὒκ
472 939 553 974 οἶδα
567 948 575 956 ·
592 941 685 983 εἶχεν
699 937 849 986 ἐχθροὺς
872 936 975 985 φύσει
1001 938 1413 975 ΤΛΓῙΛΡΗΟΛΟΤΗΟ
1423 952 1526 985 κατη-

204 1005 323 1048 γορεῖν
358 999 584 1045 δυναμένους.
633 999 711 1035 Hoc
747 999 820 1035 loco
856 1011 917 1034 cur
953 998 1189 1044 Kiesslingius
1218 998 1407 1046 palmarem
1432 1010 1529 1034 suam

208 1059 482 1095 emendationem
518 1059 792 1107 παρρησιαστής,
827 1071 929 1105 quam
965 1059 1001 1093 in
1037 1059 1254 1094 adnotatione
1283 1059 1469 1107 proposuit,
1494 1059 1530 1094 in

208 1124 341 1155 textum
366 1132 436 1154 non
461 1119 634 1167 receperit,
659 1132 722 1165 ego
746 1118 878 1155 nescio:
914 1118 1002 1154 mihi
1030 1118 1220 1154 certissima
1243 1118 1388 1154 videtur.
1436 1118 1531 1155 Dicit

209 1180 368 1228 pauperis
406 1179 508 1214 occisi
546 1180 638 1214 filius
675 1181 854 1228 suspicans
890 1178 1032 1215 divitem
1074 1180 1252 1215 inimicum
1281 1180 1530 1215 interfectorem

208 1253 297 1276 esse:
335 1253 355 1275 a
391 1244 460 1286 quo'
488 1245 584 1288 pater
613 1240 837 1287 interemptus
868 1242 912 1276 sit
947 1241 1078 1275 nescire
1103 1252 1149 1286 se,
1175 1240 1262 1275 scire
1285 1240 1350 1275 hoc
1373 1240 1529 1275 inimicos

210 1300 308 1335 illum
333 1300 495 1335 habuisse
519 1306 635 1347 utpote
651 1300 826 1336 hominem
841 1309 964 1336 natura
980 1312 1144 1347 perquam
1167 1300 1322 1335 liberum.
1364 1291 1530 1335 Similiter

208 1373 243 1406 p.
268 1360 369 1402 469,1
410 1359 579 1394 Albucius
609 1360 707 1395 dicit:
757 1361 837 1395 dum
866 1361 968 1395 libere
998 1361 1147 1406 loquitur
1175 1360 1297 1395 multos
1325 1359 1473 1405 offendit,
1497 1364 1531 1393 et

209 1432 241 1467 p.
266 1419 393 1462 471,17
416 1418 521 1454 Latro
545 1418 593 1454 ita
615 1424 748 1456 narrat:
778 1433 925 1455 creseere
949 1419 1070 1454 deinde
1094 1420 1130 1454 in
1154 1418 1227 1454 dies
1252 1418 1368 1454 odium
1391 1419 1531 1454 actenus

209 1481 416 1529 impotentia,
454 1480 596 1515 alterius
632 1480 794 1515 libertate.
842 1479 941 1515 Nihil
965 1483 1077 1514 autem
1103 1484 1155 1514 est
1179 1477 1270 1525 quod
1294 1477 1384 1513 idem
1409 1478 1530 1513 Kiess-

211 1540 340 1584 lingius
357 1539 515 1586 deinceps
535 1552 597 1586 pro
622 1544 927 1576 ΚΛῙΗΊῸΡΕΙΝ
963 1540 1024 1583 (Bt
1045 1542 1318 1580 KIH'IOPEIN,
1342 1538 1419 1574 VT:
1437 1543 1528 1575 ΚΑΙ

210 1598 447 1643 ΗἸῸΡΘΙΝ)
470 1599 757 1635 ΛΥΝΛΜΕΝΟ
780 1598 926 1646 scripsit,
956 1603 1160 1646 κατηγορεῖν
1183 1598 1412 1643 δυναμένουςῑ
1449 1597 1531 1644 quid

211 1658 302 1693 enim
320 1658 364 1693 ad
384 1671 468 1702 rem,
492 1659 670 1706 possintne
694 1659 824 1694 inimici
845 1659 895 1694 illi
920 1671 1079 1694 accusare
1102 1657 1233 1693 necne?
1257 1657 1369 1693 Immo
1392 1657 1530 1693 restitu-

212 1718 338 1752 endum
373 1723 439 1754 est:
487 1722 840 1754 ΚΑΚΗΓΟΡΕΙΝ
875 1721 1235 1760 ΔΥΝΑΜΕΝΟΣ,
1272 1718 1305 1752 h.
1342 1730 1369 1752 e.
1407 1718 1465 1763 qui
1496 1718 1526 1751 is

210 1782 293 1822 erat,
328 1782 365 1812 ut
389 1777 588 1813 maledicere
623 1791 692 1813 non
720 1777 901 1822 dubitaret,
931 1778 1015 1822 sive,
1046 1783 1083 1812 ut
1106 1777 1303 1813 refricemus
1328 1777 1530 1812 memoriam

211 1838 276 1873 loci
301 1849 405 1884 supra
428 1850 449 1872 a
471 1838 571 1872 nobis
595 1837 738 1881 tractati,
764 1837 867 1873 homo
891 1837 1006 1873 acidae
1029 1837 1177 1883 linguae.

324 1914 469 1951 Contr.
508 1916 552 1951 X.
590 1916 704 1959 3423.
735 1929 767 1963 p.
792 1916 905 1960 5123.
943 1916 1177 1961 Kiesslingius
1202 1915 1363 1950 Bursiani
1388 1915 1533 1962 vestigia

215 1988 374 2023 premens
400 1976 522 2012 edidit:
550 1978 687 2012 Nicetes
711 1977 819 2012 dixit:
844 1977 883 2012 ἐν
906 1978 1006 2024 πυρὶ,
1030 1975 1156 2024 σιδηρῳ
1180 1976 1427 2023 ζωγραφοῦντα
1451 1974 1534 2021 ἡμῖν

212 2034 232 2082 ἢ
255 2037 517 2083 τυραννοῦντα,-
556 2034 632 2080 Ego
656 2035 692 2070 in
716 2035 772 2070 his
808 2035 1022 2082 acquiescere
1057 2047 1198 2082 nequeo.
1245 2035 1343 2070 Nihil
1379 2035 1454 2070 dico
1490 2036 1532 2071 de

211 2095 367 2130 mutandi
390 2095 541 2140 audacia,
561 2116 605 2121 —
619 2095 714 2131 codd.
732 2096 859 2131 habent
883 2096 1265 2132 ΕΙΠῩΝΕΟῙΛῙΡΡΩ
1305 2094 1362 2139 (V:
1378 2115 1393 2121 -
1406 2099 1458 2132 ΙΓ
1454 2097 1531 2141 ΡΩ)

212 2158 652 2192 ΖΩΓΡΛΦΟΝΤΛΙΤΙΝ
680 2155 1023 2199 (V:-ONFAHINJ
1054 2158 1448 2199 TYPANNOYNTAI‚
1473 2169 1531 2192 -:

213 2227 348 2262 quaero,
386 2216 497 2263 qualis
534 2216 617 2252 haec
653 2216 698 2251 sit
726 2216 903 2260 sententia,
935 2215 1046 2262 qualis
1075 2214 1237 2250 orationis
1269 2214 1388 2251 forma.
1437 2214 1533 2260 Quid

215 2275 282 2311 sibi
298 2276 420 2311 volunt
435 2276 487 2311 illi
503 2276 711 2311 accusativi?
736 2277 818 2322 quid
835 2282 887 2311 est
903 2276 1097 2323 ζωγραφεῖν
1112 2281 1146 2310 et
1173 2283 1357 2323 τυραννεῖν
1380 2277 1419 2312 ἐν
1434 2278 1534 2324 πυρὶ,

214 2333 361 2384 σιδηρῳΡ
386 2335 556 2383 quomodo
580 2341 762 2372 excusatur
777 2335 992 2384 asyndeton?
1016 2334 1105 2370 Vide
1128 2347 1242 2371 nonne
1264 2336 1374 2383 magis
1399 2335 1434 2371 id
1458 2336 1534 2384 pla-

214 2401 297 2438 cent,
336 2396 425 2441 quod
461 2408 524 2442 ego
561 2396 627 2431 leni
665 2408 771 2432 manu
807 2396 935 2433 efficio:
976 2400 1029 2432 El
1060 2399 1181 2433 HYPI
1212 2400 1304 2432 ΚΑΙ
1336 2400 1539 2433 ΣΙΔΗΡΩΙ
