1683 2802
712 106 938 142 —45—

163 208 554 249 ΖΩῙῬΛΦΟΥΝΤΛΙ,
584 210 690 244 ΤῘΝΙ
711 210 1113 252 ΤΥΡΑΝΝΟΥΝΤΛΙ,·
1147 206 1267 255 Itaque
1290 206 1356 243 hoc
1378 205 1477 245 dicit:

168 265 197 303 si
221 265 309 300 ferro
333 270 367 300 et
390 266 461 311 igni
485 267 683 314 pinguntur,
706 268 875 313 quomodo
899 272 1064 312 reguntur
1087 272 1120 302 et
1143 267 1364 303 coercentur?
1387 266 1479 301 Ecce

166 323 229 359 tibi
252 324 404 368 argutiae
429 338 506 361 vere
528 325 730 362 rhetoricae:
760 326 887 363 habent
908 326 1000 362 enim
1023 326 1174 362 rhetores
1197 326 1235 362 in
1258 325 1388 361 deliciis
1412 325 1479 361 hoc

166 384 426 429 argumentandi
459 397 578 430 genus,
613 391 662 430 ut,
693 398 795 433 quam
823 398 982 434 perverse
1009 386 1139 433 aliquid
1168 385 1225 422 vel
1252 391 1399 434 ponatur
1422 385 1477 420 vel

166 443 235 486 fiat,
253 444 479 481 coniecturam
495 445 630 493 capiant
644 458 687 481 ex
703 458 739 482 re
753 446 889 483 maiore.
926 446 1086 495 Exempli
1101 446 1210 492 gratia
1225 445 1286 482 cfr.
1304 458 1337 494 p.
1350 445 1473 489 4o4‚11

168 506 229 551 qui
248 506 299 541 sic
323 507 527 550 convivatur,
552 506 715 554 quomodo
738 508 928 543 irascitur?

275 564 360 609 Iam,
397 571 435 601 ut
469 566 710 602 concludamus
745 566 927 614 aliquando
961 566 1279 603 commentationem
1311 572 1475 609 nostram,

168 624 326 660 ultimum
349 629 532 661 tractemus
556 626 668 662 locum
694 625 874 670 Graecum,
899 627 958 673 qui
978 631 1089 662 exstat
1110 626 1147 661 in
1168 626 1351 661 eiusdem
1373 624 1476 661 Con-

167 689 203 718 tr
214 684 405 720 oversiae
428 684 520 730 §28-
537 698 568 733 p.
586 687 700 732 514‚1.
747 686 864 722 Refert
886 684 1015 721 Seneca
1038 698 1116 721 cum
1143 685 1358 721 cavillatione
1383 697 1476 720 acer-

169 744 288 790 bisque
312 744 442 780 facetiis
465 745 593 781 fatuam
618 746 788 793 quandam
812 745 977 793 Glyconis
1001 744 1161 782 Graeculi
1185 745 1397 781 sententiam.
1441 744 1476 779 Is

167 803 258 839 enim
282 803 320 849 (ξ
343 793 406 849 27)
430 806 535 841 voluit
557 806 670 841 videri
691 807 854 841 volturios
875 806 923 841 ad
941 806 1088 841 tabulam
1108 806 1280 840 Parrhasi
1305 805 1477 849 advolare,

167 863 328 899 fabellam
351 864 565 900 notissimam
588 865 700 912 inepte
724 865 758 900 in
785 877 865 900 suos
890 877 972 900 usus
996 870 1209 900 convertens.
1258 862 1349 900 Sunt
1364 868 1477 899 autem

172 921 320 958 Senecae
344 924 459 968 verba,
489 930 526 958 ut
553 924 644 971 apud
668 924 920 970 Kiesslingium
947 924 1116 968 leguntur,
1152 922 1250 959 haec:
1290 923 1477 971 Spyridion

167 996 269 1030 aeque
282 983 517 1030 familiariter
533 986 569 1020 in
584 985 743 1033 templum
755 985 918 1020 volturios
932 984 1046 1019 subire
1057 985 1193 1032 putavit
1209 996 1309 1029 quam
1320 996 1479 1031 passeres

168 1050 226 1078 aut
257 1044 439 1088 columbas5
480 1045 616 1080 dz’aeerat
645 1046 749 1080 enim:
785 1043 990 1092 σαρκοφάγα
1013 1045 1077 1080 σοῦ
1099 1042 1154 1090 γ”ἣ
1183 1041 1300 1091 γραφὴ
1336 1045 1476 1079 ΝΛΓΛ

168 1102 250 1144 ζῶα.
299 1102 415 1150 Atque
443 1108 540 1139 caute
569 1102 706 1150 quidem
736 1103 815 1139 fecit
848 1103 915 1147 ille,
953 1103 1043 1150 quod
1079 1107 1270 1138 monstrum
1306 1102 1406 1148 quale
1441 1102 1476 1137 in

168 1162 263 1198 codd.
317 1163 459 1199 habetur
508 1164 678 1210 integrum
729 1169 979 1212 repraesentare
1028 1176 1132 1210 quam
1180 1162 1294 1209 aliquo
1334 1175 1376 1197 ex
1417 1162 1477 1206 eis,

168 1234 254 1268 quae
289 1223 331 1257 ad
366 1235 507 1258 manum
547 1224 577 1258 ei
613 1228 719 1266 erant,
759 1224 959 1259 commentis
995 1224 1042 1257 uti
1080 1223 1200 1257 maluit
1257 1223 1348 1258 Nam
1387 1222 1475 1268 quod

168 1282 360 1317 Bursianus
385 1282 467 1317 olim
495 1282 531 1317 in
561 1288 655 1318 textu
679 1283 792 1331 posuit
819 1282 910 1318 κατὰ
938 1294 1153 1329 nequaquam
1183 1281 1377 1317 satisfacere
1405 1281 1478 1328 ipse
1501 1301 1503 1303 ·

170 1342 319 1376 sensisse
343 1342 487 1385 videtur,
512 1342 637 1389 quippe
661 1343 719 1388 qui
748 1342 784 1377 in
808 1342 1023 1377 adnotatione
1052 1342 1136 1377 haec
1163 1341 1347 1378 addiderit:
1388 1340 1475 1384 ,fort.

168 1406 280 1436 tamen
317 1412 381 1436 scr.
412 1406 464 1436 est
494 1402 609 1445 παγᾷ,
644 1409 683 1436 ut
723 1401 824 1436 fuerit
853 1402 996 1436 verbum
1023 1413 1182 1446 graecum
1210 1402 1334 1444 παγᾶν
1364 1401 1407 1435 ab
1437 1412 1476 1435 eo

169 1460 263 1508 quod
287 1465 339 1496 est
362 1459 459 1507 πάγη
483 1460 666 1497 formatum
693 1460 783 1496 idem
808 1460 1002 1507 significans
1031 1460 1122 1507 quod
1144 1458 1348 1505 παγιδεῦειν
1371 1460 1414 1495 ab
1438 1472 1477 1495 eo

169 1522 259 1567 quod
282 1528 334 1556 est
355 1521 485 1565 narig‘.
534 1522 585 1557 At
613 1534 694 1556 vero
718 1521 801 1557 haec
829 1534 908 1556 cum
932 1521 1101 1565 scriberet,
1130 1520 1171 1557 de
1194 1520 1288 1556 fumo
1311 1520 1355 1556 ad
1377 1520 1476 1556 flam-

172 1592 275 1623 mam,
302 1586 339 1614 ut
363 1579 468 1623 aiunt,
494 1580 548 1614 vir
571 1580 726 1625 egregius
750 1580 933 1614 tetendisse
956 1580 1105 1623 videtur3
1129 1599 1175 1604 -—
1199 1580 1275 1626 quis
1299 1580 1391 1614 enim
1414 1580 1479 1614 erit

170 1640 229 1687 qui
253 1639 340 1675 illud
355 1641 499 1677 verbum
522 1642 646 1685 παγᾶν
669 1641 698 1676 ei
715 1646 888 1689 acceptum
904 1640 1051 1676 referat?
1081 1640 1159 1689 Ipse
1175 1647 1289 1676 autem
1304 1640 1477 1676 Kiesslin-

169 1701 249 1746 gius
288 1701 428 1736 invento
468 1713 548 1742 suo,
593 1701 684 1747 quod
723 1701 918 1736 dubitanter
959 1701 996 1735 in
1034 1701 1251 1736 adnotatione
1290 1701 1477 1748 proposuit,

170 1758 389 1805 ,nayadaiosa
414 1761 523 1805 Nolo‘,
550 1760 623 1796 iure
652 1773 721 1795 non
745 1760 892 1797 multum
916 1760 1075 1796 tribuisse
1100 1760 1252 1796 videtur:
1278 1760 1380 1795 nimis
1404 1759 1478 1795 vio-

169 1820 277 1855 lenter
300 1825 475 1855 mutantur
499 1832 586 1866 quae
610 1819 733 1855 tradita
757 1825 837 1855 sunt
860 1819 1057 1866 tolliturque
1081 1819 1167 1855 illud
1190 1820 1259 1864 sed,
1289 1832 1367 1866 quo,
1393 1832 1477 1866 quo-

168 1880 262 1915 niam
286 1892 383 1915 suam
407 1880 479 1916 vim
503 1880 613 1924 habet,
638 1892 737 1926 aegre
761 1892 924 1915 caremus.
972 1879 1143 1926 Equidem
1167 1879 1235 1915 fere
1252 1879 1480 1927 praestiterim

170 1940 388 1976 scribendum
424 1952 515 1976 esse:
554 1938 760 1988 σαρκοφάγα
795 1940 859 1975 σοῦ
893 1938 948 1986 γ’ὅ]
981 1938 1097 1988 γραφὴ
1124 1944 1246 1977 ΛΠΛ
1255 1944 1361 1977 ΤΛΙ
1396 1940 1479 1982 ζῶα.

170 1999 273 2043 Quod
310 2012 416 2046 quam
449 2001 534 2035 bene
568 2012 646 2036 cum
681 2000 825 2035 rhetoris
860 1999 953 2034 illius
987 2000 1130 2035 consilio
1159 2001 1339 2036 conveniat
1374 2004 1480 2047 patet:

169 2060 245 2095 vult
280 2066 427 2097 atrocem
461 2060 557 2096 illam
592 2060 777 2107 imaginem
812 2065 882 2095 tam
917 2065 1072 2096 accurate
1106 2060 1284 2096 veritatem
1313 2059 1481 2096 imitatam

169 2132 254 2163 esse,
291 2126 329 2156 ut
365 2121 418 2156 vel
447 2133 527 2156 aves
558 2133 696 2167 rapaces
727 2120 960 2168 deciperentur
995 2126 1029 2155 et
1059 2127 1232 2166 tamquam
1254 2120 1299 2155 ad
1322 2120 1482 2167 praedam

168 2179 375 2216 advolarent.
