1683 2802
270 800 363 880 Qua
387 828 517 864 ratione
547 829 583 864 in
612 829 751 865 edendis
781 829 1035 876 tractandisque
1067 829 1218 876 antiquis
1249 829 1473 877 scriptoribus

156 888 343 924 factitanda
366 895 455 924 esset
478 902 534 924 ars
558 890 684 932 critica,
709 895 827 925 nostro
852 889 989 925 demum
1013 889 1147 925 saeculo
1171 889 1256 924 duce
1279 896 1313 924 et
1336 895 1473 924 auctore

157 946 281 983 Carolo
316 947 540 983 Lachmanno
577 953 611 983 et
645 948 779 995 plenius
815 948 1025 984 intellectum
1060 953 1113 983 est
1147 954 1181 983 et
1215 948 1472 995 comprobatum

156 1007 321 1055 exemplis
356 1007 591 1055 nobilissimis.
653 1006 789 1044 Scimus
824 1021 916 1044 nunc
950 1020 1069 1044 omnes
1105 1020 1242 1043 omnem
1273 1008 1378 1044 crisin
1407 1008 1471 1044 niti

157 1067 277 1103 debere
301 1073 392 1102 certo
410 1067 584 1113 solidoque
599 1067 829 1107 fundamento,
856 1068 983 1103 scimus
1003 1074 1082 1103 ante
1098 1068 1213 1103 omnia
1228 1068 1471 1103 elaborandum

156 1139 231 1163 esse
253 1127 291 1163 in
314 1139 368 1172 eo,
398 1131 437 1162 ut
459 1126 614 1163 codicum
638 1128 859 1176 superstitum
893 1127 979 1164 fides
1007 1128 1077 1164 aeri
1109 1127 1234 1164 iudicio
1266 1128 1470 1176 exploretur,

156 1193 195 1223 ut
228 1188 451 1233 investigetur
486 1188 516 1222 si
551 1200 618 1234 qua
651 1189 739 1224 inter
767 1201 825 1224 eos
849 1188 1034 1223 intercedat
1056 1189 1232 1233 cognatio,
1270 1195 1307 1223 ut
1342 1202 1470 1233 eorum,

156 1260 302 1294 quorum
325 1247 440 1294 aliqua
464 1248 509 1282 sit
528 1247 728 1292 auctoritas,
746 1248 940 1283 testimonia
963 1252 1143 1283 enotentur
1166 1253 1199 1283 et
1214 1248 1468 1295 perpendantur

157 1319 260 1353 quam
283 1307 546 1342 accuratissime.
594 1308 712 1353 Atque
729 1307 793 1342 hoc
815 1307 929 1354 ipsum
952 1307 1161 1350 recensendi,
1187 1307 1279 1354 quod
1296 1320 1470 1352 vocamus,

157 1366 318 1411 officium,
344 1379 412 1413 quo
430 1367 540 1412 magis
564 1367 739 1414 scriptoris
763 1366 906 1402 alicuius
930 1367 1009 1401 libri
1034 1367 1107 1402 sive
1130 1373 1323 1414 temporum
1347 1368 1472 1403 iniuria

156 1427 229 1461 sive
253 1426 431 1461 hominum
453 1431 513 1460 aut
543 1426 666 1461 inscita
688 1426 901 1472 neglegentia
930 1430 990 1459 aut
1021 1425 1261 1473 intempestiva
1292 1426 1468 1462 sedulitate

157 1491 237 1521 sunt
272 1485 464 1533 depravati,
501 1498 540 1521 eo
574 1485 780 1521 fructuosius
817 1485 901 1520 solet
935 1497 1019 1520 esse.
1067 1484 1177 1521 Cuius
1201 1486 1249 1520 rei
1273 1486 1468 1533 exemplum

154 1546 323 1592 imprimis
347 1545 558 1580 luculentum
587 1550 704 1579 nostra
731 1549 838 1579 aetate
866 1544 1037 1591 proditum
1067 1549 1120 1579 est
1143 1546 1289 1579 recensis
1313 1551 1347 1580 et
1371 1546 1468 1580 easti-

154 1605 243 1651 gatis
268 1604 311 1639 ad
335 1604 540 1651 optimorum
563 1604 710 1639 fontium
733 1603 836 1639 fidem
866 1602 1015 1640 Senecae
1043 1603 1150 1651 patris
1181 1605 1412 1640 suasoriarum
1436 1611 1469 1640 et

153 1664 464 1701 controversiarum
487 1664 596 1700 libris.
648 1664 786 1699 Etenim
811 1676 933 1712 corpus
957 1662 1136 1712 ἀκέφαλον
1159 1669 1193 1699 et
1216 1664 1335 1701 ἄπουν
1358 1665 1467 1701 incre-

153 1725 293 1760 dibilem
327 1725 364 1759 in
402 1724 542 1778 modum
573 1724 809 1760 detruncatum
845 1724 1001 1770 maleque
1036 1724 1222 1759 mulcatum
1261 1730 1296 1758 ut
1331 1725 1468 1760 tandem

153 1784 339 1831 aliquando
362 1785 420 1820 via
455 1789 488 1820 et
522 1789 593 1820 arte
625 1785 736 1820 curari
759 1790 883 1832 posset,
919 1784 1076 1821 effectum
1111 1792 1163 1822 est
1186 1799 1226 1822 ea
1249 1787 1397 1822 maxime
1421 1800 1467 1831 re,

153 1845 244 1891 quod
278 1844 371 1880 fideli
405 1844 582 1890 diligentia
610 1844 740 1880 detecta
770 1849 850 1880 sunt
877 1845 952 1892 ipsa
983 1846 1136 1891 vulnera,
1172 1859 1258 1893 quae
1282 1847 1468 1883 maximam

153 1909 285 1953 partem
308 1917 369 1952 per
391 1904 475 1940 haec
498 1909 657 1952 quattuor
680 1904 749 1940 fere
775 1905 908 1940 saecula
930 1905 1051 1941 leviter
1072 1906 1204 1942 obtecta
1227 1907 1340 1954 potius
1365 1918 1468 1953 quam

153 1965 290 2012 penitus
315 1970 434 2000 sanata
457 1964 640 2000 iacuerant.
687 1963 803 2008 Quam
833 1977 970 2012 operam
999 1966 1057 2011 qui
1081 1978 1171 2001 anno
1193 1965 1468 2002 MDCCGLVII

153 2030 290 2060 strenue
302 2024 476 2060 inchoavit
492 2023 674 2060 conradus
690 2024 881 2059 Bursianus
900 2024 942 2060 de
965 2024 1020 2059 his
1033 2025 1187 2071 reliquiis
1200 2030 1251 2060 tot
1266 2026 1466 2061 nominibus

154 2085 296 2121 meritus
320 2090 382 2129 est,
418 2090 456 2120 ut
485 2085 721 2132 sospitatorem
751 2084 899 2120 Senecae
927 2084 1001 2120 iure
1025 2097 1102 2120 eum
1127 2085 1361 2133 appellaveris.
1410 2086 1467 2121 In-

154 2146 311 2182 choatam
346 2151 459 2182 autem
495 2145 730 2181 tantummodo
765 2158 903 2192 operam
938 2145 1025 2189 dico,
1062 2146 1188 2193 quippe
1223 2158 1309 2192 quae
1340 2147 1469 2182 laboret

153 2206 246 2243 vitiis
271 2211 324 2242 sat
346 2206 465 2242 multis
489 2211 522 2242 et
545 2205 726 2252 gravibus,
750 2211 789 2240 ut
805 2205 895 2241 inter
909 2204 1033 2241 harum
1049 2218 1163 2241 rerum
1187 2206 1313 2254 peritos
1338 2206 1469 2242 dudum

152 2272 300 2313 constat3
331 2287 369 2292 —
393 2279 503 2314 neque
526 2278 606 2301 vero
636 2265 701 2305 hac
729 2278 766 2301 re
789 2278 828 2301 eo
856 2265 977 2301 deduci
1000 2278 1063 2301 nos
1087 2266 1265 2313 patiemur,
1292 2273 1330 2302 ut
1354 2267 1468 2302 virum

152 2327 368 2373 ingeniosum
394 2339 457 2361 sua
480 2325 580 2361 laude
602 2325 814 2361 fraudemus:
844 2324 909 2359 fuit
931 2325 1023 2360 enim
1046 2330 1160 2360 tantae
1183 2326 1284 2360 molis
1308 2339 1406 2373 opus,
1430 2332 1469 2361 ut

152 2400 242 2423 unus
278 2387 381 2424 homo
412 2385 498 2423 illud
534 2385 633 2434 plene
669 2385 829 2434 perficere
865 2384 923 2420 vix
951 2384 1111 2432 potuerit,
1148 2385 1215 2422 nisi
1246 2386 1274 2422 si
1306 2385 1467 2425 Herculis
