1740 2765
790 117 1019 153 ..32—

242 220 326 256 dum
355 218 532 266 exemplar
563 217 679 253 minus
709 221 838 253 attente
869 216 999 262 legunt,
1036 215 1174 261 singula
1201 215 1369 262 quaedam
1398 214 1563 251 vocabula

241 280 307 315 sibi
348 284 432 314 nota
466 289 653 323 agnoscere
694 277 761 312 sibi
801 276 999 312 viderentur
1033 288 1092 312 ac*
1118 275 1282 311 memoria
1314 275 1563 320 fallacibusque

240 337 450 384 imaginibus
491 336 624 384 decepti
665 336 701 371 in
742 335 965 371 describendo
1011 336 1217 371 laberentur.
1276 334 1325 370 Et
1367 339 1564 382 serpserunt

239 409 502 444 nonnumquam
541 396 627 432 tales
672 407 821 441 errores,
853 416 899 422 -—
929 396 1208 445 interpolationes
1249 394 1389 441 quidam
1427 400 1562 441 vocant,

241 459 357 493 minus
373 458 523 507 proprie,v
546 458 717 503 siquidem
741 458 827 491 ratio
844 458 942 493 abest
957 462 991 491 et
1005 458 1198 501 consilium,
1216 476 1262 483 —
1277 455 1392 502 paullo
1416 455 1564 499 longius,

239 522 278 552 ut
301 516 357 552 vel
382 529 489 552 unum
504 516 710 553 conflaretur
732 528 776 551 ex
799 515 1034 564 compluribus
1059 516 1234 553 vocabulis
1258 515 1314 552 vel
1329 519 1565 562 comparerent

241 590 342 614 voces
360 590 381 613 a
397 577 556 623 genuinis
579 577 690 626 specie
713 576 862 612 multum
886 576 1065 613 distantes.
1114 576 1348 613 Conflatorum
1372 575 1438 610 isto
1463 573 1566 610 modo

243 638 487 674 vocabulorum
503 637 661 685 exempla
677 637 714 672 in
730 641 892 673 contextu
908 636 1150 685 disputationis
1171 635 1399 680 invenientur,
1423 635 1563 671 alterius

243 697 339 732 illius
363 697 413 732 rei
437 702 568 732 certum
591 702 625 732 et
648 697 798 732 notabile
822 696 1019 744 exemplum
1044 697 1160 732 statim
1184 709 1384 743 proponam.

350 765 495 802 Contr.
520 761 641 802 VHII.
666 766 781 809 2732.
806 779 839 813 p.
863 765 985 810 429‚6:
1010 768 1123 815 ipsimi
1152 765 1406 813 tyrannicidam
1428 764 1568 800 induxit

241 827 405 863 dicentem
428 833 459 862 et
482 826 619 870 cotorel)
643 839 726 861 um
750 834 816 861 est:
833 839 906 877 *non
930 827 1062 862 iussum
1090 840 1125 862 se
1155 840 1177 862 a
1204 834 1319 873 patre,
1353 828 1435 872 quia
1459 826 1569 861 aicbat

239 886 439 923 incredibile
463 886 617 922 omnibns
640 885 756 921 videri
768 892 909 934 patrem
934 899 1049 921 coram
1072 892 1218 934 tyranno
1242 884 1341 921 caedi
1360 898 1394 921 se
1418 886 1567 930 iussisse,

240 947 303 983 aed
336 948 459 983 iniaw
493 960 529 982 se
564 945 780 993 tyrannicidi
812 946 1001 990 consilium,
1036 954 1074 982 ut
1100 960 1170 995 per
1204 947 1266 982 hoc
1301 946 1350 981 ad
1383 947 1571 982 amicitiam

234 1008 441 1055 perveniret,
478 1018 544 1053 per
581 1006 770 1041 amicitiam
789 996 794 999 ¹
811 1005 859 1040 ad
895 1005 1176 1052 tyrannicidium.
1234 1004 1307 1041 Cur
1350 1006 1467 1040 omisit
1504 1005 1570 1041 hoc

242 1066 319 1102 loco
351 1065 587 1112 Kiesslingius
623 1065 758 1101 tristem
794 1064 890 1100 illam
927 1065 1086 1102 crucem?
1131 1066 1191 1101 An
1227 1066 1369 1114 putabat
1403 1065 1570 1102 offensam

242 1126 327 1161 haec
362 1125 495 1160 nullam
530 1125 678 1161 habere?
723 1125 773 1160 At
800 1130 890 1161 recte
924 1125 994 1160 iam
1029 1124 1227 1162 Gronovius
1262 1126 1427 1161 mendum
1463 1127 1570 1162 sensit

244 1185 450 1234 scripsitque
488 1187 605 1235 patris
646 1185 814 1221 caedendi
852 1198 914 1233 pro
953 1186 1184 1234 tyrannicidi:
1232 1186 1297 1222 hoc
1331 1186 1424 1222 enim
1458 1186 1570 1235 primo

244 1247 319 1282 loco
351 1251 568 1294 praepostere
598 1245 678 1293 poni
709 1244 929 1280 manifestum
958 1251 1021 1281 est.
1070 1246 1198 1281 Nostra
1234 1251 1341 1282 aetate
1373 1246 1467 1282 aliud
1490 1259 1570 1294 pro-

244 1306 353 1341 latum
388 1310 441 1341 est
482 1305 678 1341 inventum:
714 1305 923 1340 Konitzerus
956 1305 1050 1340 enim
1083 1306 1167 1341 satis
1205 1306 1413 1341 confidenter
1445 1319 1570 1355 propo-

245 1365 346 1410 suit2)
370 1366 432 1401 eed
453 1367 573 1401 iniisse
596 1379 632 1400 ee
654 1366 870 1413 tyrannicidi
891 1367 1070 1401 consilium
1094 1365 1147 1410 (et
1166 1373 1302 1413 patrem
1325 1366 1493 1411 cecidisse,
1495 1368 1511 1411 )
1536 1375 1571 1402 ut

241 1439 307 1474 per
330 1426 393 1460 hoc
416 1438 496 1473 cqc„
524 1445 563 1450 ——
591 1423 683 1471 quod
707 1424 1006 1471 probarenequeo
1029 1424 1074 1459 ob
1097 1424 1134 1459 id
1155 1424 1313 1468 maxime,
1338 1425 1427 1471 quod
1452 1426 1570 1462 incon—

247 1485 350 1521 cinna
373 1486 413 1521 fit
436 1490 471 1521 et
494 1484 712 1521 delumbatur
735 1484 994 1530 argumentatio.
1043 1484 1120 1531 Ego
1143 1497 1213 1520 non
1238 1484 1367 1531 dubito,
1391 1486 1475 1532 quin
1499 1499 1572 1522 rem

246 1546 386 1592 quidem
421 1558 485 1582 acu
514 1545 663 1590 tetigerit
686 1544 901 1590 Gronovius,
939 1546 974 1580 in
1011 1545 1261 1581 constituendis
1308 1551 1421 1582 autem
1460 1548 1572 1583 verbis

246 1619 369 1654 parum
394 1605 617 1654 probabiliter
641 1610 797 1641 versatus
821 1606 875 1641 sit.
904 1605 1068 1650 AVereor,
1095 1618 1138 1641 ne
1162 1606 1362 1642 temeritatis
1385 1619 1406 1642 a
1429 1607 1572 1654 quibus-

246 1666 326 1701 dam
349 1678 485 1712 arguar,
510 1671 625 1701 tamen
648 1665 784 1701 affirmo
809 1665 913 1701 scribi
937 1666 1075 1703 debere:
1111 1667 1173 1702 sed
1206 1668 1324 1702 iniisse
1359 1681 1395 1702 se
1419 1670 1570 1716 parri-

247 1726 338 1763 cidi
358 1726 548 1771 comitium,
572 1733 609 1761 ut
626 1739 694 1774 per
716 1727 778 1762 hoc
802 1726 991 1762 amicitiam
1011 1728 1215 1774 perveniret,
1231 1740 1302 1775 per
1322 1728 1510 1764 amicitiam
1526 1728 1575 1763 ad

247 1786 527 1834 tyrannicidium.
581 1785 662 1821 Filii
686 1785 819 1831 facinus
841 1786 977 1834 saepius
998 1786 1035 1821 in
1056 1786 1122 1822 hac
1137 1786 1369 1822 controversia
1384 1787 1575 1835 appellatur

241 1845 495 1895 parricidiuom
520 1844 580 1881 cfr.
605 1845 776 1893 imprimis
801 1845 821 1891 ξ
846 1846 868 1881 6
891 1846 1001 1890 Quid?
1020 1853 1056 1881 tu
1079 1845 1349 1894 tyrannicidium
1360 1847 1486 1894 facere
1508 1860 1575 1883 non

241 1914 353 1955 potest,
378 1907 453 1942 nisi
474 1907 511 1942 in
518 1906 721 1955 parricidio
738 1908 932 1942 exercueris
948 1907 1090 1942 manue?
1135 1904 1322 1942 Substituit
1334 1906 1441 1952 igitur
1464 1907 1576 1943 scriba

249 1965 468 2009 vocabulum,
493 1965 586 2012 quod
611 1966 648 2000 in
672 1966 737 2001 hac
768 1970 839 2001 tota
873 1966 1106 2001 controversia
1141 1965 1416 2012 frequentissime
1451 1967 1577 2013 legitur

247 2030 281 2061 et
306 2024 361 2061 vel
376 2024 414 2060 in
438 2024 504 2061 hoc
527 2024 604 2074 ipso
628 2024 804 2061 enuntiato
828 2025 992 2070 occurrit,
1017 2038 1079 2074 pro
1103 2025 1269 2062 vocabulo
1292 2025 1407 2073 aliqua
1422 2038 1465 2062 ex
1480 2031 1576 2075 parte

253 2085 370 2130 simili,
395 2090 547 2122 ceterum
571 2086 655 2121 satis
678 2086 884 2131 dissimili.³)

361 2194 381 2232 ¹)
400 2194 547 2233 Flagitat,
580 2194 612 2225 ni
643 2195 742 2229 fallor,
777 2195 909 2226 Senecae
941 2196 1140 2229 consuetudo,
1173 2198 1209 2224 ut
1246 2195 1396 2226 scribatur
1419 2201 1446 2227 et
1471 2196 1576 2236 (hoc)

248 2241 345 2271 colore
363 2250 435 2271 mua
454 2245 505 2271 est.

360 2286 383 2323 ⁸)
402 2287 606 2325 Quaestiones
626 2287 657 2316 in
677 2288 748 2318 Seu.
767 2290 844 2325 patr.
865 2288 932 2318 crit.
951 2297 979 2326 p.
998 2290 1044 2321 34.

358 2342 383 2380 ³)
402 2342 559 2373 Eiusmodi
578 2352 682 2373 errore
701 2352 763 2374 non
781 2347 939 2381 perspecto
960 2342 1168 2382 Kiesslingius
1188 2343 1304 2374 contr
1331 2343 1353 2376 I.
1373 2346 1428 2379 3,8.
1447 2353 1474 2381 p.
1494 2345 1578 2382 98,10

251 2388 357 2417 edidit:
378 2390 405 2418 εἰ
422 2389 573 2419 voluntate
591 2399 764 2429 maeperorum
793 2395 911 2420 servata
942 2394 994 2425 est,
1024 2399 1065 2419 an
1093 2391 1123 2419 in
1152 2390 1215 2426 hoc,
1238 2395 1271 2420 ut
1293 2390 1442 2421 audatius
1454 2392 1577 2430 periret.
