1740 2765
972 67 988 88 0

746 145 973 180 „38-

195 243 397 276 recitaturus
420 250 504 277 esset
527 246 565 278 in
589 244 766 287 Milonem3
796 246 927 280 Cestius
956 259 997 280 ecc
1026 243 1260 279 consuetudine
1282 258 1345 282 sua
1367 245 1510 278 miratus

196 300 343 337 dicebat:
367 303 402 336 si
422 302 537 337 Threx
560 317 674 348 essem,
699 305 828 340 Fusius
852 318 954 340 essem
978 318 1043 351 eqs.
1106 300 1224 345 Quid?
1248 302 1435 338 miratusne
1458 300 1510 336 di-

194 360 292 394 cebat
315 359 476 396 Cestius?
499 375 561 397 cur
584 363 721 398 tandem
744 364 911 399 miratus?
935 364 1080 399 Prorsus
1097 363 1217 397 insana
1232 362 1317 398 haec
1332 364 1384 398 e'st
1399 361 1508 405 lectio,

194 418 272 453 licet
295 420 463 466 patienter
487 433 562 455 eam
585 422 762 457 tolerarint
785 423 902 459 critici.
959 423 1053 466 Quid
1083 426 1381 457 commemoratum
1409 421 1510 456 fuerit

193 477 303 513 elucet
325 491 368 513 ex
392 480 546 525 sequenti
570 482 783 517 narratione:
823 483 950 518 etenim
974 482 1106 517 tumida
1138 480 1197 516 illa
1231 479 1339 516 Cestii
1374 480 1509 515 vanitas

194 549 278 572 sano
303 538 485 584 sobrioque
509 538 631 575 Cassio
657 540 760 576 bilem
784 541 902 576 movit.
950 540 1068 585 Quare
1091 541 1184 586 lego:
1214 540 1341 575 Cestius
1365 552 1407 574 ea:
1430 552 1508 574 con-

192 597 367 633 suetudine
389 612 453 634 sua
477 600 665 647 inflatus
690 600 829 636 dicebat.

303 656 451 692 contr.
476 658 558 693 VII.
576 659 686 702 19‚1o.
706 672 738 705 p.
753 660 893 703 333‚15:
918 661 1039 696 Multis
1056 660 1250 708 compositio
1266 659 1346 694 belle
1358 659 1508 693 sonantis

191 719 372 752 sententiae
408 718 582 766 imposui&
615 720 730 766 itaque
764 721 903 755 memini
924 720 1107 756 Latronem
1130 719 1300 763 Porcium,
1324 725 1360 752 ut
1384 729 1506 765 empro-

192 777 306 812 braret
340 778 426 813 hanc
462 778 630 814 audiendi
661 780 852 815 scolasticis
886 780 1139 828 neqleyentiam‚
1176 806 1183 813 .
1212 806 1220 813 .
1246 805 1253 812 .
1289 778 1326 812 in
1361 776 1508 824 quadam

193 840 430 883 controversia,
456 852 531 874 cum
554 853 678 888 mayna
704 841 806 887 quasi
826 840 883 886 (vi)
901 841 1048 887 fluerent
1073 847 1103 876 et
1126 840 1303 883 concitata,
1326 838 1377 873 sic
1400 837 1508 872 locum

193 899 394 933 conclusisse
418 912 484 944 eqs.
524 898 681 945 Sumpsit
701 900 786 935 haec
801 900 1036 944 Kiesslingius
1052 912 1073 934 a
1088 898 1276 944 Madvigio,
1301 897 1361 943 qui
1380 897 1508 931 inserta

192 956 314 992 vocula
336 959 374 993 vi
395 956 488 993 hunc
512 958 625 994 locum
649 958 692 994 ad
715 958 885 1006 liquidum
909 958 1110 1006 perduxisse
1127 958 1192 994 sibi
1215 958 1311 993 visus
1327 962 1388 991 est.
1419 956 1505 1002 Ego,

187 1036 233 1041 —-
265 1029 347 1064 pace
392 1018 519 1053 summi
561 1019 627 1053 viri
664 1019 821 1062 dixerim,
851 1038 895 1042 —
926 1018 1144 1064 Madvigium
1179 1031 1298 1053 verum
1333 1016 1506 1052 invenisse

190 1088 288 1122 nego.
335 1076 491 1112 Primum
515 1077 598 1124 quid
625 1078 734 1113 valeat
757 1078 843 1113 illud
874 1074 977 1125 quasi
1002 1080 1047 1121 vi,
1081 1090 1150 1112 non
1180 1089 1356 1123 assequor3
1385 1075 1506 1111 deinde

191 1148 272 1171 vero
296 1137 386 1172 male
410 1150 445 1172 se
469 1138 573 1177 habet
600 1138 744 1184 pluralis
769 1138 828 1173 ille
851 1152 975 1186 magna
992 1139 1141 1185 fluerent
1165 1145 1196 1173 et
1219 1139 1394 1173 concitata.
1441 1135 1506 1171 Est

190 1194 297 1238 locus,
328 1207 430 1241 quem
462 1208 530 1230 non
561 1196 727 1230 inutiliter
755 1208 835 1230 cum
858 1202 975 1230 nostro
999 1196 1152 1231 conferre
1176 1197 1297 1242 possis,
1323 1209 1355 1241 p.
1382 1196 1505 1239 151‚15

191 1269 266 1291 cum
297 1257 399 1292 verba
433 1257 521 1292 velut
554 1258 685 1292 iniussa
714 1257 880 1305 fluerent3
905 1275 950 1280 —-
974 1268 1077 1303 quem
1108 1261 1222 1291 tamen
1251 1255 1279 1290 si
1309 1254 1504 1301 diligentius

187 1316 387 1364 inspexeris,
416 1329 437 1351 a
460 1323 577 1352 nostro
601 1318 685 1359 feum
709 1317 860 1363 aliquam
884 1318 1032 1352 multum
1057 1316 1194 1351 differre
1217 1316 1372 1363 nihilque
1396 1315 1503 1351 offen-

191 1376 297 1411 sionis
326 1376 451 1412 habere
482 1377 618 1412 senties.
666 1377 786 1424 Itaque
820 1377 985 1423 sagaciter
1020 1376 1211 1424 suspicatus
1240 1382 1292 1411 est
1315 1376 1504 1411 Bursianus

190 1436 408 1472 scribendum
439 1449 514 1472 esse
538 1439 674 1485 flueret.
726 1436 830 1481 Quod
862 1450 929 1483 quo
957 1437 1069 1483 magis
1101 1437 1354 1472 commendetur
1384 1436 1504 1472 afferre

188 1495 275 1530 mihi
299 1496 399 1531 liceat
422 1508 454 1542 p.
479 1497 606 1540 260,27
630 1498 735 1532 multa
759 1504 856 1532 erant
880 1510 964 1543 quae
987 1496 1258 1544 reprehenderes,
1290 1497 1396 1531 multa
1420 1510 1504 1542 quae

188 1558 390 1604 suspiceres,
416 1570 492 1592 cum
507 1558 667 1592 torrentis
683 1556 780 1592 modo
797 1570 938 1604 maqnus
955 1556 1100 1603 quidem,
1126 1556 1185 1591 sed
1199 1556 1354 1591 turbidus
1367 1556 1501 1603 flueret.

185 1614 229 1650 In
254 1615 375 1650 ceteris
400 1627 482 1650 sane
510 1616 625 1650 verbis
650 1616 897 1651 constituendis
923 1627 992 1649 non
1017 1620 1068 1649 sto
1093 1627 1113 1649 a
1137 1615 1316 1658 Bursiano,
1342 1615 1401 1660 qui
1424 1628 1502 1662 pro-

186 1674 318 1721 posuit:
360 1688 435 1710 cum
464 1689 584 1723 mayno
615 1689 717 1710 cursu
742 1676 868 1723 flueret
898 1682 927 1709 et
951 1677 1126 1718 concitato,
1158 1674 1218 1709 sed
1241 1674 1351 1709 sc'ribo
1375 1675 1502 1721 potius:

186 1749 262 1770 cum
289 1749 413 1784 magna
441 1736 601 1784 phrasi
629 1736 803 1783 flueret
832 1742 862 1771 et
893 1737 1067 1771 concitata.
1125 1733 1197 1770 Cfr.
1230 1746 1263 1781 p.
1289 1734 1413 1778 293‚17
1436 1748 1504 1770 non

185 1796 282 1830 hexis
305 1809 429 1844 magna
453 1796 515 1830 sed
533 1796 684 1843 phrasis.
712 1795 843 1830 dicebat
867 1798 955 1830 enim
979 1797 1079 1830 citato
1112 1802 1142 1830 et
1170 1795 1274 1841 effuso
1307 1808 1416 1837 cursu,
1444 1795 1505 1830 sed

182 1862 430 1903 praeparatu33
463 1859 496 1890 et
524 1867 556 1901 p.
591 1854 671 1898 243,
700 1854 722 1890 8
748 1854 939 1899 (habebat)
971 1855 1121 1903 phrasin
1149 1867 1217 1889 non
1245 1855 1417 1903 vulqarem
1444 1867 1503 1889 nec

183 1914 370 1957 sordidam,
394 1914 455 1949 secl
478 1915 607 1959 lectam,
628 1928 735 1961 yenus
761 1915 900 1950 dicendi
920 1928 987 1949 non
1010 1915 1190 1949 remissum
1214 1921 1272 1948 aut
1296 1914 1501 1961 languidum,

184 1973 246 2008 sed
268 1973 392 2009 ardens
416 1981 447 2008 et
471 1976 681 2009 concitatum.

294 2031 435 2069 Gontr.
459 2032 539 2068 VII.
566 2034 655 2077 23,l.
681 2046 712 2080 p.
729 2034 874 2078 361,17:
911 2035 1094 2083 Proponite
1117 2034 1211 2069 vobis
1234 2034 1330 2069 illam
1353 2034 1506 2081 supplici

172 2094 324 2139 faciem,
357 2094 566 2140 carnificem,
603 2096 771 2128 securim:
812 2095 882 2128 iam
917 2095 978 2128 hoc
1013 2094 1117 2128 semel
1145 2095 1245 2128 licere
1275 2095 1416 2128 nimium
1445 2100 1501 2128 est.

184 2150 314 2187 Omnes
344 2152 513 2199 pleniores
544 2152 640 2187 codd.
672 2152 834 2187 exhibent
861 2154 1013 2200 supplici
1039 2165 1178 2187 causam
1202 2152 1357 2197 faciam,
1389 2157 1422 2187 et
1450 2157 1502 2187 est

184 2211 334 2259 profecto
370 2212 573 2247 mendosum
609 2226 758 2255 causam,
784 2212 843 2247 sed
872 2225 942 2247 non
976 2211 1052 2246 ideo
1091 2212 1171 2246 licet
1205 2211 1270 2246 hoc
1297 2211 1501 2247 vocabulum

185 2272 324 2307 omnino
340 2277 503 2318 avertere,
519 2272 555 2307 id
572 2271 661 2318 quod
679 2284 796 2307 omnes
812 2271 925 2307 adhuc
940 2271 1085 2307 editores
1102 2270 1262 2307 fecerunt.
1292 2270 1393 2307 Unde
1409 2271 1501 2306 enim

184 2337 301 2367 natum
326 2332 396 2367 sit?
420 2345 475 2367 an·
488 2333 624 2379 putabis
647 2331 899 2378 agnoscendam
923 2331 1212 2378 dittographiam?
1235 2332 1346 2367 Immo
1359 2332 1500 2380 faciam

183 2398 295 2427 ortum
326 2404 369 2427 ex
394 2393 529 2439 faciem
558 2396 696 2439 propter
724 2391 928 2439 praecedens
958 2405 1106 2427 causam.
1160 2391 1261 2427 Latet
1295 2391 1401 2437 igitur
1432 2391 1498 2427 ali-
