1740 2765
284 567 768 604 SENTENTIAE
821 567 1434 606 CONTROVERSAE.

845 728 872 762 Ι.

307 815 348 849 L.
375 815 545 850 Annaei
572 814 754 850 Senecae
779 815 1053 850 Naturalium
1078 815 1387 860 Quaestionum
1412 815 1518 850 codex

198 874 474 920 Bambergensis,
500 874 558 919 qui
585 874 688 919 vulgo
713 875 839 910 saeculi
863 875 916 909 XI
942 887 1017 909 esse
1042 876 1248 922 perhibetur,
1273 889 1342 911 non
1371 878 1517 921 scriptus

199 940 251 969 est
275 940 354 969 ante
377 934 598 981 posteriorem
624 935 749 970 saeculi
774 934 866 969 XIII
890 941 1032 982 partem.

835 1072 882 1107 II.

308 1159 362 1193 De
380 1159 580 1193 ordinandis
601 1159 784 1193 earundem
801 1159 1072 1193 Naturalium
1089 1158 1327 1201 Quaestion
1341 1172 1403 1193 um
1419 1159 1517 1193 libris

198 1231 240 1254 ne
265 1219 508 1254 recentissimis
533 1219 671 1265 quidem
697 1219 1039 1255 commentationibus
1061 1224 1151 1254 recte
1175 1219 1262 1254 mihi
1289 1218 1421 1254 videtur
1448 1223 1517 1253 sta-

198 1285 321 1312 tutum.
370 1279 541 1324 Equidem
577 1285 659 1324 puto
695 1280 907 1314 noviciorum
945 1279 1098 1314 codicum
1137 1285 1333 1314 nostrorum
1364 1279 1452 1313 inter
1482 1291 1517 1313 se

198 1338 466 1386 discrepantium
490 1339 555 1374 hac
573 1339 609 1373 in
626 1351 662 1374 re
679 1339 916 1373 auctoritatem
933 1351 1007 1373 esse
1024 1339 1125 1386 plane
1143 1338 1284 1381 nullam,
1310 1350 1415 1383 eaque
1432 1350 1519 1383 quae

199 1403 346 1432 aetatem
384 1399 536 1433 tulerunt
572 1398 681 1433 frusta
718 1399 766 1433 sic
802 1398 1047 1434 ordinaverim:
1096 1398 1274 1443 Prologus.
1306 1398 1352 1433 ΙΙ.
1388 1397 1463 1432 VII.
1489 1398 1516 1432 Ι.

197 1457 273 1492 IVb-
313 1457 354 1492 V.
382 1457 443 1492 VI.
471 1457 534 1492 III.
560 1458 634 1492 IV2·

826 1563 888 1596 III.

308 1648 397 1685 Sen.
428 1650 474 1685 de
505 1649 633 1685 Clem.
676 1650 700 1684 Ι.
726 1652 781 1694 3,1
820 1651 1050 1697 sicscripsit:
1095 1652 1194 1688 Nunc
1230 1652 1263 1685 in
1303 1658 1369 1685 tres
1397 1658 1518 1698 partes

198 1723 325 1745 onmem
350 1711 436 1745 hanc
460 1711 639 1745 materiam
664 1710 827 1744 dividam.
877 1711 997 1745 Prima
1022 1712 1085 1745 erit
1110 1713 1153 1745 z'n
1178 1712 1307 1745 animi
1329 1710 1522 1753 (remzyssi

197 1771 335 1811 bonis,
362 1784 428 1816 eqs.
478 1769 581 1812 (Cod.
608 1774 644 1805 N
665 1776 823 1816 corrupte
847 1770 1151 1813 manumissionis.)

827 1906 889 1941 IV.

308 1993 350 2027 In
388 1993 533 2027 Plauti
572 1994 672 2027 Men.
697 1993 759 2027 IV.
785 1994 866 2038 2‚4O
891 2006 946 2039 sq.
971 2006 1039 2027 non
1066 2000 1155 2028 recte
1180 2000 1257 2039 post
1284 1993 1519 2038 Ladewigium

198 2052 409 2088 Ritschelius
449 2052 601 2087 versibus
638 2052 860 2087 multifariam
899 2052 1162 2099 transponendis
1199 2052 1381 2097 genuinam
1418 2052 1519 2086 huius

200 2124 341 2147 scaenae
370 2111 517 2146 formam
547 2112 734 2158 reciperare
764 2112 910 2148 studuit:
947 2124 1010 2157 ego
1039 2124 1187 2156 agnosco
1212 2118 1304 2147 certa
1334 2112 1519 2158 duplicis

197 2171 471 2206 recensionis
498 2171 641 2216 vestigia
665 2177 698 2205 et
722 2183 881 2217 expungo
907 2184 963 2206 vv.
988 2171 1137 2206 40—55.

837 2277 879 2311 V.

310 2362 402 2398 Liv.
443 2362 573 2398 XLIV.
616 2364 671 2406 6,8
711 2364 759 2398 ita
801 2363 1042 2409 distinguenda
1086 2363 1210 2399 oratio:
1259 2378 1337 2398 nam
1377 2370 1521 2411 praeter

200 2424 386 2470 anyustias,
411 2442 457 2446 —
478 2437 543 2470 per
569 2425 715 2470 quinque
738 2424 847 2466 milia,
874 2437 940 2469 qua
965 2425 1124 2471 eoezyuum
1148 2424 1294 2458 iumento
1319 2430 1435 2458 onusto
1457 2424 1521 2458 iter
