1740 2765
779 121 1008 156 —28-„

226 224 388 259 exhibent
423 223 498 258 ideo
536 224 725 269 questiones
755 223 1003 271 pertractande
1032 237 1103 275 'per
1139 237 1191 267 se,·
1238 223 1442 261 sententiam
1485 222 1555 258 fere

230 283 380 330 percepit
415 282 650 328 Kiesslingius
686 282 862 329 proboque
899 281 991 328 quod
1026 281 1333 318 demonstrativum
1369 294 1555 330 pronomen

230 341 357 386 intulit,
383 362 424 366 —
454 341 511 377 sed
550 354 716 388 quorsum
751 341 816 378 hae
851 341 1040 389 ambages?
1076 342 1264 391 simplicius
1300 347 1334 378 et
1368 342 1494 387 verius,
1519 341 1554 378 ni

226 402 336 444 fallor,
361 407 428 437 est:
456 402 531 436 ideo
556 403 676 447 (quia
700 401 827 445 istae)
853 405 1123 447 quaestiones
1141 402 1470 450 pertractandae
1489 416 1556 450 per

228 476 263 497 se
289 469 397 497 essent
421 475 488 508 eqs.

349 530 492 567 Contr.
518 530 599 565 VII.
626 530 716 575 23,9.
742 542 775 577 p.
800 530 943 574 365‚23:
963 532 1074 575 .Quid
1102 539 1159 575 est,
1193 533 1310 578 inquit,
1341 544 1446 578 quare
1475 532 1559 567 velis

236 599 354 639 optare
378 592 450 626 uisi
473 590 565 637 quod
586 592 726 638 nuptias
748 603 815 625 non
839 591 915 625 vis?
953 591 1043 626 Hoc·
1057 605 1124 627 non
1153 599 1283 627 tantum
1302 592 1470 639 patimur,
1498 590 1559 626 sed

231 664 401 700 royamus
476 649 615 684 Mireris
656 648 741 684 haec
787 661 849 696 pro
898 649 992 685 sanis
1029 650 1214 695 venditari,
1250 647 1431 699 postquam
1467 654 1556 685 recte

233 710 469 745 difficultatem
496 709 603 744 sensit
627 707 878 755 Schultingius.
923 709 1099 746 Nimirum
1123 716 1264 758 apparet
1288 710 1375 746 inter
1399 710 1464 745 ista
1489 709 1556 745 duo

233 770 409 805 enuntiata
433 781 543 814 neque
564 780 684 815 pacem
699 780 811 814 neque
833 769 1031 804 convictum
1055 769 1264 805 intercedere
1281 782 1397 818 posse:
1421 769 1558 817 nuptias

229 830 322 875 exigi
365 829 463 864 docet
499 827 665 863 orationis
707 833 814 863 tenor.
876 826 1086 875 Schultingii
1122 830 1285 866 correctio
1320 831 1382 866 hoc
1419 829 1455 864 in
1496 830 1558 865 Ιιαε

229 889 394 925 mutantis
420 901 501 923 sane
526 888 610 922 satis
634 887 731 922 rudis
756 893 808 922 est
832 900 942 934 neque
967 889 1160 925 satisfacere
1173 895 1309 936 ›potest;
1335 902 1398 936 ego
1421 888 1557 924 malim:

229 950 322 994 Quid
345 957 402 993 est,
436 950 556 995 inquit,
590 962 695 995 quare
724 949 808 984 velis
840 955 968 997 optare,
1001 951 1075 984 nisi
1102 950 1194 996 quod
1222 952 1360 998 nuptias
1389 963 1456 985 non
1487 950 1561 984 vis?

229 1011 294 1054 (an
318 1009 424 1054 υἱεῗῑ)
449 1010 511 1045 hoc
534 1023 601 1044 non
625 1016 757 1044 tantum
773 1011 943 1057 patimur,
968 1009 1030 1045 sed
1052 1023 1224 1059 royamus.

341 1078 580 1114 Periclitemur
603 1089 707 1123 nunc,
733 1078 763 1112 si
787 1078 961 1125 possimus
986 1078 1102 1125 paullo
1126 1079 1251 1114 rectius
1269 1085 1425 1123 statuere,
1451 1091 1554 1125 quam

231 1139 345 1174 adhuc
380 1138 510 1173 factum
540 1143 602 1181 est,
639 1137 681 1172 de
712 1136 852 1172 Contr.
883 1136 992 1172 VIIII
1020 1138 1296 1185 praefatione.
1344 1137 1444 1182 Quae
1477 1151 1555 1174 cum

237 1200 273 1234 in
298 1198 473 1235 codicibus
497 1198 625 1233 nostris
643 1198 680 1232 in
696 1197 809 1233 medio
832 1198 1009 1233 enuntiato
1033 1198 1177 1241 desinat,
1196 1199 1329 1234 etiamsi
1354 1199 1432 1245 quis
1456 1212 1558 1245 argu-

232 1264 388 1294 mentum
417 1257 559 1292 omnino
584 1269 653 1292 non
684 1256 864 1300 curaverit,
902 1262 995 1304 patet
1030 1262 1191 1292 truncum
1226 1270 1289 1293 nos
1326 1259 1362 1293 in
1399 1258 1557 1293 manibus

232 1325 358 1354 tenere.
407 1317 529 1363 Itaque
553 1316 699 1352 editores
728 1316 773 1352 ad
797 1330 905 1351 unum
934 1329 1052 1353 omnes
1084 1317 1121 1352 in
1146 1318 1239 1353 exitu
1269 1318 1355 1353 duos
1379 1319 1559 1354 asteriscos

233 1377 376 1412 notandi
405 1377 557 1412 defectus
586 1389 690 1411 causa
712 1376 917 1423 appimoere,
948 1389 1016 1423 quo
1046 1377 1144 1422 signo
1175 1383 1208 1412 et
1233 1378 1298 1413 sibi
1323 1383 1356 1413 et
1381 1378 1430 1413 rei
1454 1378 1555 1413 satis-

233 1438 363 1473 factum
380 1436 588 1484 putarunt-¹)
622 1436 700 1482 Age
720 1448 802 1471 vero
824 1436 1002 1472 considera
1018 1449 1152 1473 mecum
1174 1437 1288 1485 ipsum
1305 1442 1556 1484 argumentum.

236 1498 333 1533 Dicit
362 1496 493 1533 Seneca
525 1510 561 1531 se
586 1496 794 1532 Montanum
824 1496 1011 1532 Votienum
1036 1497 1209 1544 quondam
1238 1498 1475 1544 interrogasse,
1500 1511 1560 1533 cur

237 1558 428 1593 declamare
460 1557 575 1592 nollet.
625 1555 698 1600 Qui
734 1556 902 1592 rationem
938 1557 1134 1592 redditurus
1171 1558 1315 1604 quaerit,
1352 1562 1464 1593 utram
1499 1558 1557 1593 ille

240 1618 328 1653 scire
342 1614 485 1664 cupiat,
510 1617 689 1652 honestam
714 1630 757 1652 an
783 1630 915 1661 veram3
942 1638 984 1643 —
1010 1623 1083 1652 tum
1108 1618 1229 1664 pergit,
1255 1618 1284 1652 si
1308 1618 1406 1653 libris
1431 1618 1562 1653 nostris

235 1677 339 1712 fidem
364 1677 543 1721 habemus,
569 1677 631 1713 ita:
668 1678 702 1712 si
723 1678 906 1721 honestam,
938 1691 979 1712 ne
1010 1678 1097 1713 male
1121 1678 1331 1713 adsuescam.
1366 1679 1427 1724 qui
1448 1678 1561 1713 decla-

235 1739 418 1773 mationem
433 1744 546 1785 parat
570 1737 690 1772 scribit
714 1750 781 1772 non
805 1744 840 1772 ut
865 1738 989 1780 vincat,
1014 1736 1076 1772 sed
1098 1744 1134 1772 ut
1150 1738 1292 1785 placeat
1316 1751 1382 1783 eq3.
1421 1738 1471 1772 At
1495 1737 1562 1784 pol,

241 1797 383 1832 obsecro
409 1801 453 1841 te,
479 1796 686 1831 credibilene
710 1796 851 1831 omnino
876 1802 928 1831 est
951 1796 1040 1831 hanc
1072 1796 1273 1839 ,honestam‘
1305 1808 1379 1831 esse
1407 1795 1565 1831 Montani

237 1856 430 1891 rationem?
467 1855 575 1891 Porro
605 1855 685 1891 vide
715 1856 773 1900 sis,
811 1855 983 1902 quomodo
1020 1856 1094 1903 ipse
1127 1868 1203 1891 eam
1234 1862 1475 1902 persequatur;
1511 1868 1564 1891 ex.

238 1928 287 1961 gr.
313 1928 347 1962 p.
365 1915 493 1959 389‚20
511 1917 605 1963 cupit
622 1915 686 1960 (sc.
705 1915 927 1959 declamator)
947 1917 1035 1951 enim
1051 1929 1086 1951 se
1103 1916 1306 1964 adprobare,
1330 1929 1398 1951 non
1414 1930 1567 1960 causam,-

238 1987 271 2023 p.
297 1975 402 2018 390‚7
427 1976 574 2010 stultitia
598 1988 713 2011 eorum
733 1977 888 2025 yratuita
912 1982 976 2020 est3
1002 1987 1035 2023 p.
1060 1975 1186 2020 391‚17
1210 1988 1270 2011 nec
1295 1981 1370 2011 ante
1394 1977 1430 2011 in
1455 1982 1567 2012 orato-

239 2050 311 2079 rem
348 2037 615 2072 corroborantur
652 2051 754 2084 quam
789 2038 906 2072 multis
937 2036 1128 2085 perdomiti
1162 2037 1370 2072 contumeliis
1399 2037 1568 2085 puerilem

241 2098 393 2130 animum
442 2096 632 2129 scolasticis
679 2096 815 2130 deliciis
864 2096 1064 2142 lanyui'dum
1109 2108 1187 2130 vero
1236 2096 1349 2130 labore
1388 2096 1566 2130 durarunt.

352 2204 378 2242 1)
398 2204 536 2234 Omnium
557 2204 741 2234 sententiam
760 2204 884 2234 disertis
902 2203 1003 2234 verbis
1023 2204 1088 2233 fere
1103 2203 1265 2241 explicavit
1278 2203 1347 2233 Joh.
1361 2204 1568 2243 Schultingius

241 2254 316 2287 (not.
336 2260 364 2288 p.
384 2251 453 2286 262)
475 2251 531 2279 sic:
552 2251 657 2286 ‚multa
676 2251 783 2279 deesse
802 2251 953 2280 videntur.
992 2250 1028 2278 Id
1046 2250 1115 2278 inde
1135 2250 1227 2279 etiam
1247 2249 1364 2287 colligo,
1387 2250 1467 2286 quod
1484 2250 1569 2279 Mon-

242 2299 335 2326 tanus
356 2296 510 2327 Votienus
531 2296 627 2326 adhuc
646 2296 806 2326 honestam
826 2299 947 2325 tantum
966 2303 1088 2325 causam
1108 2296 1204 2329 dedit,
1229 2303 1282 2325 cur
1300 2304 1359 2326 non
1378 2295 1571 2326 declamaret.

244 2347 276 2374 et
295 2344 331 2374 de
351 2353 388 2374 ea
406 2344 538 2373 nondum
559 2344 658 2374 omnia
677 2346 727 2373 est
746 2346 920 2373 exsecutus.
958 2342 1037 2372 Post
1060 2351 1135 2380 quae
1159 2343 1196 2372 de
1220 2351 1294 2372 vera
1317 2343 1419 2381 egisse
1440 2342 1569 2373 videtur.

242 2390 310 2419 vide
329 2390 457 2426 praefat.
477 2389 552 2418 init:
