1740 2765
739 130 967 166 ...16—

192 228 319 262 tiarum
356 239 577 275 progressum
608 228 745 275 penitus
780 229 911 276 cepisse
946 229 1089 264 videtur.
1169 228 1299 268 Verum
1338 228 1512 264 enimvero

190 286 376 323 tenendum
400 292 454 322 est
476 292 554 322 ante
579 288 696 323 omnia
718 288 834 335 ipsum
859 287 967 324 Cestii
996 288 1143 324 colorem
1167 288 1263 324 nullo
1287 289 1389 324 modo
1412 300 1512 336 posse

190 346 327 380 initium
351 358 470 392 capere
493 358 514 380 a
537 347 652 380 verbis
665 348 792 394 facere
816 349 914 382 illum
939 374 947 381 .
974 376 982 383 .
998 375 1007 391 ,
1022 347 1082 382 sed
1106 346 1243 381 demum
1267 360 1288 381 a
1311 348 1425 382 verbis
1448 349 1512 383 ita-

191 419 254 452 que
277 406 328 440 sic
350 407 520 449 narravit,
545 405 660 453 priora
683 410 797 442 autem
821 406 882 442 illa
906 419 1044 442 causam
1068 407 1256 449 continere,
1282 418 1343 442 cur
1366 406 1512 452 diligen-

189 465 259 498 tius
283 464 503 499 colorandam
528 464 753 500 adolescentis
777 471 910 512 partem
933 466 1182 501 existimaverit
1205 465 1343 501 Cestius
1401 466 1512 511 Atqui

188 528 241 558 est
275 535 315 558 eo
351 522 550 568 diligentius
587 523 769 559 coloranda
803 524 919 570 aliqua
957 537 1048 572 pars,
1085 536 1152 572 quo
1177 524 1290 560 minus
1314 529 1511 572 exspectare

190 582 270 618 licet
293 582 423 619 iudices
448 596 509 631 per
534 595 571 619 se
594 583 624 619 ei
649 583 803 619 fauturos
827 596 921 620 esse:
955 584 1005 620 sic
1033 590 1151 621 nostro
1180 585 1254 621 loco
1278 583 1415 621 Cestius
1439 584 1512 619 sine

188 642 292 678 dubio
316 643 380 677 filii
402 632 577 678 luxuriam
601 643 690 690 patri
706 643 876 691 imputare
893 644 1007 679 studet
1031 644 1164 680 nullam
1183 644 1287 680 aliam
1303 645 1347 679 ob
1362 656 1511 686 causam,

188 701 259 736 nisi
284 702 375 748 quod
399 714 459 749 per
485 714 520 737 se
544 703 618 738 iure
642 702 752 750 possit
772 703 944 750 quispiam
969 715 1116 749 aequum
1140 716 1210 739 non
1226 709 1355 751 putare,
1381 703 1411 738 si
1434 702 1512 749 quis

187 761 285 797 alteri
321 774 391 796 non
426 761 577 797 remittat
612 761 703 797 idem
739 762 831 809 quod
854 762 897 798 ab
922 762 982 798 illo
1006 763 1073 810 ipsi
1098 763 1282 799 remissum
1306 763 1361 798 sit.
1408 761 1513 806 Quod

189 821 219 855 si
243 826 333 856 recte
357 821 570 868 disputatum
594 834 669 857 esse
704 822 922 865 concesseris,
959 834 1028 857 non
1064 823 1262 867 gravaberis
1294 823 1382 857 hanc
1414 835 1435 856 a
1457 834 1512 857 me

189 880 340 928 accipere
375 880 668 918 emendationem:
705 882 832 929 facere
868 882 967 917 illum
1003 895 1086 917 rem
1114 895 1194 917 non
1229 883 1292 918 ita
1322 882 1511 930 probam:

180 942 304 988 patri
323 954 406 976 non
430 942 645 977 remittere
669 941 761 988 quod
783 955 805 976 a
820 949 926 990 patre
950 942 1025 989 ipsi
1045 943 1224 977 remissum
1247 943 1301 977 sit.
1350 941 1437 977 Orta
1460 945 1512 976 est

189 999 386 1047 depravatio
411 1000 475 1036 hoc
499 1000 614 1036 modo:
640 1000 699 1046 qui
723 1000 933 1047 archetypon
955 1000 1101 1036 confecit
1127 1000 1249 1036 vitiose
1267 1000 1421 1036 exaravit
1445 1014 1510 1036 non

187 1061 367 1108 inprobam
401 1060 639 1106 intellectoque
674 1073 785 1096 errore
822 1060 1062 1108 superscripsit
1099 1074 1167 1096 non
1205 1063 1265 1105 ita,
1308 1060 1511 1108 posteriores

188 1124 302 1153 autem
326 1119 469 1164 librarii,
495 1126 532 1154 ut
548 1121 652 1155 etiam
664 1120 746 1154 alibi
764 1120 892 1155 factum
910 1120 1103 1163 vidimus,¹)
1129 1125 1311 1165 utrumque
1336 1125 1510 1155 servantes

187 1177 332 1214 alterum
355 1179 455 1214 alteri
478 1185 710 1226 postposuere.

299 1238 437 1275 Contr.
452 1239 498 1275 X.
512 1239 626 1282 34,11.
639 1252 672 1286 p.
686 1240 826 1284 506‚18:
840 1240 1048 1275 Producitur
1067 1253 1168 1275 senem
1180 1240 1424 1286 nobilz‘s,flen3,
1443 1252 1511 1274 res-

182 1300 316 1347 piciens
325 1300 499 1347 patriam:
520 1300 654 1347 placuit
673 1301 736 1335 isti
754 1300 880 1343 vultum
901 1300 1018 1335 habuit
1035 1299 1172 1346 aliquid
1190 1299 1383 1334 Promethei
1401 1299 1511 1335 simile

187 1360 287 1394 etiam
296 1367 372 1395 arde
384 1367 558 1394 tormenta.
591 1358 701 1395 Codd.
716 1359 879 1395 exhibent
892 1360 992 1395 etiam
1010 1367 1086 1394 ante
1104 1367 1278 1406 torquam3
1296 1358 1387 1405 quod
1400 1357 1511 1394 editur

187 1426 263 1453 ante
297 1427 461 1453 tormenta
496 1424 549 1453 est
583 1419 799 1466 interpolatio
822 1423 1028 1465 pervetusta,
1052 1431 1096 1453 ex
1115 1418 1294 1464 excerptis,
1311 1422 1350 1451 ut
1365 1417 1508 1459 videtur,

188 1477 293 1525 petita
325 1478 376 1525 (p.
404 1478 504 1522 524,1
514 1477 542 1523 ),
572 1489 676 1525 quam
705 1490 774 1514 non
803 1477 970 1514 debebant
999 1482 1113 1513 tenere
1143 1476 1324 1513 novissimi
1353 1475 1508 1512 editores.

188 1537 330 1573 Etenim
349 1538 560 1585 corruptelae
576 1538 671 1584 origo
689 1544 762 1573 tum
779 1538 918 1573 demum
933 1538 1052 1581 elucet,
1071 1538 1099 1572 si
1113 1537 1274 1573 scribitur
1290 1539 1391 1573 etiam
1407 1545 1510 1572 ante-

189 1611 307 1645 quam
337 1604 612 1645 torqueretur.
660 1597 726 1633 Est
749 1597 815 1633 hoc
839 1610 921 1632 sane
944 1597 1128 1641 levidense,
1154 1596 1213 1633 sed
1230 1596 1386 1632 consulto
1410 1595 1508 1631 attuli

187 1658 291 1693 etiam
307 1663 494 1705 propterea,
508 1658 600 1704 quod
614 1658 713 1694 video
725 1658 760 1693 id
772 1658 984 1706 comprobari
998 1658 1165 1705 scriptura
1175 1657 1375 1693 correctoris
1391 1656 1463 1692 cod.
1478 1656 1506 1691 T

188 1725 368 1764 antequam
380 1725 544 1764 torqueat,
561 1729 657 1763 quae,
675 1722 713 1752 ut
736 1730 796 1764 per
821 1730 857 1752 se
881 1730 1040 1764 perversa
1056 1723 1118 1763 est,
1142 1717 1191 1752 ita
1206 1729 1249 1752 ex
1272 1728 1353 1751 vera
1375 1716 1436 1750 illa
1457 1715 1508 1750 fa-

187 1776 315 1811 cillime
339 1776 433 1812 nasci
458 1777 579 1824 potuit.
611 1775 669 1812 Sic
693 1777 924 1821 confirmatur,
950 1777 986 1811 ni
1003 1777 1112 1821 fallor,
1130 1776 1196 1812 hoc
1218 1787 1352 1822 quoque
1373 1775 1446 1811 loco
1461 1774 1508 1819 id,

188 1835 282 1881 quod
305 1835 353 1871 H.
378 1836 414 1871 J.
440 1836 631 1871 Muellerus
648 1842 738 1871 recte
754 1838 955 1871 observasse
971 1836 1147 1880 videtur,2)
1164 1835 1257 1871 haud
1278 1835 1328 1869 ita
1342 1846 1419 1869 raro
1434 1846 1508 1869 cor-

187 1901 354 1930 rectorem
378 1895 478 1930 illum
502 1895 651 1930 codicem
669 1895 827 1942 aliquem,
853 1908 920 1930 non
944 1907 1046 1930 suum
1061 1895 1238 1941 ingenium
1255 1898 1409 1930 secutum
1423 1905 1507 1928 esse.

298 1963 442 2001 Contr.
466 1964 514 2000 H.
543 1966 653 2009 14‚11.
684 1978 716 2012 p.
747 1965 850 2009 222‚8
880 1965 916 2000 in
944 1965 1057 2000 colore
1080 1963 1289 2010 Argentarii,
1314 1963 1373 2009 qui
1396 1962 1508 2010 philo-

189 2024 280 2070 logis
305 2023 424 2059 multis
449 2024 575 2059 multas
600 2024 728 2059 creavit
751 2024 942 2068 molestias,
967 2025 1138 2070 integrum
1161 2024 1260 2060 colon
1284 2027 1509 2069 transponen-

187 2083 270 2119 dum
299 2096 375 2119 esse
398 2083 612 2130 Kiesslingio
641 2083 811 2132 persuasit
840 2083 897 2120 W.
922 2083 1129 2120 Muellerus:
1161 2096 1266 2130 quam
1290 2083 1332 2118 ob
1356 2095 1429 2118 rem
1453 2082 1508 2119 hic

186 2178 291 2212 gatam
310 2174 471 2203 lectionem
492 2174 568 2203 satis
587 2175 696 2204 inscite
716 2175 851 2204 defendit
870 2175 1059 2210 Gronovius;
1078 2174 1297 2211 Schultingius.
1316 2176 1352 2202 ut
1369 2174 1508 2210 vidimus,

187 2220 377 2249 scribendum
399 2220 518 2249 censuit
536 2229 608 2250 nam
625 2221 668 2250 ita
683 2221 770 2260 patri
787 2230 847 2251 non
865 2222 1025 2256 remittere;
1055 2220 1090 2250 O.
1119 2219 1247 2250 Jahnius
1276 2219 1401 2256 denique
1430 2218 1508 2255 apud

186 2267 369 2296 Bursianum
387 2267 547 2304 proposuit
565 2276 625 2297 non
644 2266 721 2297 idem
736 2268 822 2307 patri
839 2268 993 2298 remittere.

298 2322 322 2360 l)
342 2322 404 2353 cfr.
424 2322 518 2352 etiam
536 2322 650 2353 Kiessl.
671 2322 755 2352 Neue
776 2323 873 2353 Beitr.
892 2331 922 2360 p.
940 2325 966 2354 4.

298 2380 320 2415 ²)
339 2379 401 2408 Gfr.
421 2379 608 2409 Fleckeiseni
627 2387 695 2408 ann.
716 2379 776 2408 vol.
796 2378 894 2409 GVH.
916 2387 943 2415 p.
963 2380 1026 2411 547.
