<?xml version="1.0" encoding="UTF-8"?>
<!DOCTYPE html PUBLIC "-//W3C//DTD XHTML 1.0 Transitional//EN"
    "http://www.w3.org/TR/xhtml1/DTD/xhtml1-transitional.dtd">
<html xmlns="http://www.w3.org/1999/xhtml" xml:lang="en" lang="en">
 <head>
  <title>
</title>
<meta http-equiv="Content-Type" content="text/html;charset=utf-8" />
  <meta name='ocr-system' content='tesseract 3.04.00' />
  <meta name='ocr-capabilities' content='ocr_page ocr_carea ocr_par ocr_line ocrx_word'/>
</head>
<body>
  <div class='ocr_page' id='page_1' title='image "4771773_0049.png"; bbox 0 0 1683 2802; ppageno 0'>
   <div class='ocr_carea' id='block_1_1' title="bbox 723 115 952 163">
    <p class='ocr_par' dir='ltr' id='par_1_1' title="bbox 723 115 952 163">
     <span class='ocr_line' id='line_1_1' title="bbox 723 115 952 163; baseline 0.004 -12"><span class='ocrx_word' id='word_1_1' title='bbox 723 115 952 163; x_wconf 67' lang='lat'>..41-.</span> 
     </span>
    </p>
   </div>
   <div class='ocr_carea' id='block_1_2' title="bbox 169 218 1491 983">
    <p class='ocr_par' dir='ltr' id='par_1_2' title="bbox 169 218 1491 983">
     <span class='ocr_line' id='line_1_2' title="bbox 169 218 1491 279; baseline -0.001 -14"><span class='ocrx_word' id='word_1_2' title='bbox 169 218 360 265; x_wconf 69' lang='lat' dir='ltr'>&#39;sententiis</span> <span class='ocrx_word' id='word_1_3' title='bbox 384 226 596 275; x_wconf 78' lang='lat' dir='ltr'>interposuit,</span> <span class='ocrx_word' id='word_1_4' title='bbox 620 239 737 264; x_wconf 86' lang='lat' dir='ltr'>cruces</span> <span class='ocrx_word' id='word_1_5' title='bbox 760 227 838 264; x_wconf 81' lang='lat' dir='ltr'>illas</span> <span class='ocrx_word' id='word_1_6' title='bbox 863 228 1012 264; x_wconf 86' lang='lat' dir='ltr'>virorum</span> <span class='ocrx_word' id='word_1_7' title='bbox 1037 227 1213 279; x_wconf 82' lang='lat' dir='ltr'>doctorum</span> <span class='ocrx_word' id='word_1_8' title='bbox 1228 227 1288 276; x_wconf 87' lang='lat' dir='ltr'>qui</span> <span class='ocrx_word' id='word_1_9' title='bbox 1303 227 1367 265; x_wconf 89' lang='lat' dir='ltr'>hos</span> <span class='ocrx_word' id='word_1_10' title='bbox 1384 226 1491 265; x_wconf 90' lang='lat' dir='ltr'>libros</span> 
     </span>
     <span class='ocr_line' id='line_1_3' title="bbox 177 286 1491 334; baseline 0 -10"><span class='ocrx_word' id='word_1_11' title='bbox 177 293 366 324; x_wconf 83' lang='lat' dir='ltr'>tractarunt</span> <span class='ocrx_word' id='word_1_12' title='bbox 399 288 470 324; x_wconf 90' lang='lat' dir='ltr'>fere</span> <span class='ocrx_word' id='word_1_13' title='bbox 503 288 667 323; x_wconf 87' lang='lat' dir='ltr'>omnium.</span> <span class='ocrx_word' id='word_1_14' title='bbox 727 286 818 323; x_wconf 91' lang='lat' dir='ltr'>Sunt</span> <span class='ocrx_word' id='word_1_15' title='bbox 849 289 944 324; x_wconf 86' lang='lat' dir='ltr'>enim</span> <span class='ocrx_word' id='word_1_16' title='bbox 977 287 1109 324; x_wconf 83' lang='lat' dir='ltr'>Graeca</span> <span class='ocrx_word' id='word_1_17' title='bbox 1143 288 1212 334; x_wconf 74' lang='lat' dir='ltr'>illa,</span> <span class='ocrx_word' id='word_1_18' title='bbox 1250 294 1288 323; x_wconf 92' lang='lat' dir='ltr'>ut</span> <span class='ocrx_word' id='word_1_19' title='bbox 1323 289 1407 325; x_wconf 87' lang='lat' dir='ltr'>scite</span> <span class='ocrx_word' id='word_1_20' title='bbox 1441 289 1491 324; x_wconf 79' lang='lat' dir='ltr'>ait</span> 
     </span>
     <span class='ocr_line' id='line_1_4' title="bbox 178 345 1488 396; baseline -0.001 -11"><span class='ocrx_word' id='word_1_21' title='bbox 178 347 351 393; x_wconf 85' lang='lat' dir='ltr'>Schottus‚</span> <span class='ocrx_word' id='word_1_22' title='bbox 377 347 534 384; x_wconf 81' lang='lat' dir='ltr'><strong>Gothicis</strong></span> <span class='ocrx_word' id='word_1_23' title='bbox 558 347 672 396; x_wconf 90' lang='lat' dir='ltr'>potius</span> <span class='ocrx_word' id='word_1_24' title='bbox 695 347 817 383; x_wconf 89' lang='lat' dir='ltr'>litteris</span> <span class='ocrx_word' id='word_1_25' title='bbox 840 360 943 396; x_wconf 77' lang='lat' dir='ltr'>quam</span> <span class='ocrx_word' id='word_1_26' title='bbox 967 345 1109 384; x_wconf 81' lang='lat' dir='ltr'>Graecis</span> <span class='ocrx_word' id='word_1_27' title='bbox 1132 353 1270 384; x_wconf 74' lang='lat' dir='ltr'>exarata</span> <span class='ocrx_word' id='word_1_28' title='bbox 1293 360 1314 383; x_wconf 79' lang='lat' dir='ltr'><strong>a</strong></span> <span class='ocrx_word' id='word_1_29' title='bbox 1337 348 1488 385; x_wconf 83' lang='lat' dir='ltr'>librariis</span> 
     </span>
     <span class='ocr_line' id='line_1_5' title="bbox 177 400 1487 455; baseline 0.001 -11"><span class='ocrx_word' id='word_1_30' title='bbox 177 407 307 444; x_wconf 77' lang='lat' dir='ltr'>Graece</span> <span class='ocrx_word' id='word_1_31' title='bbox 330 408 467 454; x_wconf 88' lang='lat' dir='ltr'>legendi</span> <span class='ocrx_word' id='word_1_32' title='bbox 490 407 618 443; x_wconf 89' lang='lat' dir='ltr'>nedum</span> <span class='ocrx_word' id='word_1_33' title='bbox 641 408 860 454; x_wconf 84' lang='lat' dir='ltr'>intellegendi</span> <span class='ocrx_word' id='word_1_34' title='bbox 884 408 1023 455; x_wconf 80' lang='lat' dir='ltr'>ignaris.</span> <span class='ocrx_word' id='word_1_35' title='bbox 1063 406 1170 452; x_wconf 83' lang='lat' dir='ltr'>Quod</span> <span class='ocrx_word' id='word_1_36' title='bbox 1192 408 1331 455; x_wconf 82' lang='lat' dir='ltr'>quidem</span> <span class='ocrx_word' id='word_1_37' title='bbox 1355 409 1385 444; x_wconf 89' lang='lat' dir='ltr'>si</span> <span class='ocrx_word' id='word_1_38' title='bbox 1402 400 1487 445; x_wconf 61' lang='lat' dir='ltr'>&#39;dili-</span> 
     </span>
     <span class='ocr_line' id='line_1_6' title="bbox 176 467 1489 516; baseline 0 -13"><span class='ocrx_word' id='word_1_39' title='bbox 176 468 312 514; x_wconf 85' lang='lat' dir='ltr'>gentius</span> <span class='ocrx_word' id='word_1_40' title='bbox 336 473 448 503; x_wconf 86' lang='lat' dir='ltr'>tecum</span> <span class='ocrx_word' id='word_1_41' title='bbox 473 467 695 516; x_wconf 88' lang='lat' dir='ltr'>reputaveris,</span> <span class='ocrx_word' id='word_1_42' title='bbox 719 469 921 512; x_wconf 70' lang='lat' dir='ltr'><strong>consenties,</strong></span> <span class='ocrx_word' id='word_1_43' title='bbox 946 468 1076 516; x_wconf 86' lang='lat' dir='ltr'>opinor,</span> <span class='ocrx_word' id='word_1_44' title='bbox 1108 480 1242 504; x_wconf 86' lang='lat' dir='ltr'>mecum</span> <span class='ocrx_word' id='word_1_45' title='bbox 1265 481 1489 515; x_wconf 81' lang='lat' dir='ltr'>praemonen-</span> 
     </span>
     <span class='ocr_line' id='line_1_7' title="bbox 178 527 1490 575; baseline 0.002 -12"><span class='ocrx_word' id='word_1_46' title='bbox 178 528 261 564; x_wconf 87' lang='lat' dir='ltr'>dum</span> <span class='ocrx_word' id='word_1_47' title='bbox 284 528 436 564; x_wconf 88' lang='lat' dir='ltr'>censenti</span> <span class='ocrx_word' id='word_1_48' title='bbox 460 527 502 563; x_wconf 89' lang='lat' dir='ltr'>de</span> <span class='ocrx_word' id='word_1_49' title='bbox 524 527 582 563; x_wconf 82' lang='lat' dir='ltr'>via</span> <span class='ocrx_word' id='word_1_50' title='bbox 604 532 638 563; x_wconf 88' lang='lat' dir='ltr'>et</span> <span class='ocrx_word' id='word_1_51' title='bbox 661 527 790 564; x_wconf 78' lang='lat' dir='ltr'>ratione</span> <span class='ocrx_word' id='word_1_52' title='bbox 824 528 881 564; x_wconf 89' lang='lat' dir='ltr'>hic</span> <span class='ocrx_word' id='word_1_53' title='bbox 908 527 1066 572; x_wconf 81' lang='lat' dir='ltr'>ineunda,</span> <span class='ocrx_word' id='word_1_54' title='bbox 1103 527 1194 575; x_wconf 86' lang='lat' dir='ltr'>quod</span> <span class='ocrx_word' id='word_1_55' title='bbox 1229 527 1312 564; x_wconf 76' lang='lat' dir='ltr'>alibi</span> <span class='ocrx_word' id='word_1_56' title='bbox 1347 528 1490 565; x_wconf 74' lang='lat' dir='ltr'>fortasse</span> 
     </span>
     <span class='ocr_line' id='line_1_8' title="bbox 182 587 1491 635; baseline 0.001 -13"><span class='ocrx_word' id='word_1_57' title='bbox 182 587 306 622; x_wconf 83' lang='lat' dir='ltr'><strong>nimiae</strong></span> <span class='ocrx_word' id='word_1_58' title='bbox 329 587 507 622; x_wconf 76' lang='lat' dir='ltr'>cuiusdam</span> <span class='ocrx_word' id='word_1_59' title='bbox 531 587 781 634; x_wconf 73' lang='lat' dir='ltr'>superstitionis</span> <span class='ocrx_word' id='word_1_60' title='bbox 807 587 913 623; x_wconf 88' lang='lat' dir='ltr'>videri</span> <span class='ocrx_word' id='word_1_61' title='bbox 939 588 1056 635; x_wconf 81' lang='lat' dir='ltr'>possit,</span> <span class='ocrx_word' id='word_1_62' title='bbox 1092 587 1128 622; x_wconf 90' lang='lat' dir='ltr'>id</span> <span class='ocrx_word' id='word_1_63' title='bbox 1164 587 1201 621; x_wconf 87' lang='lat' dir='ltr'>in</span> <span class='ocrx_word' id='word_1_64' title='bbox 1224 587 1289 623; x_wconf 76' lang='lat' dir='ltr'>hac</span> <span class='ocrx_word' id='word_1_65' title='bbox 1312 588 1491 635; x_wconf 79' lang='lat' dir='ltr'>provincia</span> 
     </span>
     <span class='ocr_line' id='line_1_9' title="bbox 178 646 1488 697; baseline -0.001 -13"><span class='ocrx_word' id='word_1_66' title='bbox 178 660 374 696; x_wconf 84' lang='lat' dir='ltr'>pernecesse</span> <span class='ocrx_word' id='word_1_67' title='bbox 409 660 499 693; x_wconf 88' lang='lat' dir='ltr'>esse,</span> <span class='ocrx_word' id='word_1_68' title='bbox 541 651 580 682; x_wconf 84' lang='lat' dir='ltr'>ut</span> <span class='ocrx_word' id='word_1_69' title='bbox 614 660 748 683; x_wconf 84' lang='lat' dir='ltr'>summa</span> <span class='ocrx_word' id='word_1_70' title='bbox 782 647 946 695; x_wconf 88' lang='lat' dir='ltr'>religione</span> <span class='ocrx_word' id='word_1_71' title='bbox 982 647 1146 683; x_wconf 84' lang='lat' dir='ltr'>rimemur</span> <span class='ocrx_word' id='word_1_72' title='bbox 1187 646 1329 683; x_wconf 83' lang='lat' dir='ltr'>traditos</span> <span class='ocrx_word' id='word_1_73' title='bbox 1364 647 1488 697; x_wconf 81' lang='lat' dir='ltr'>apices.</span> 
     </span>
     <span class='ocr_line' id='line_1_10' title="bbox 175 707 1488 756; baseline 0.002 -14"><span class='ocrx_word' id='word_1_74' title='bbox 175 707 314 742; x_wconf 82' lang='lat' dir='ltr'>Etenim</span> <span class='ocrx_word' id='word_1_75' title='bbox 337 708 381 742; x_wconf 80' lang='lat' dir='ltr'>ad</span> <span class='ocrx_word' id='word_1_76' title='bbox 404 721 478 743; x_wconf 77' lang='lat' dir='ltr'>eam</span> <span class='ocrx_word' id='word_1_77' title='bbox 503 708 741 754; x_wconf 86' lang='lat' dir='ltr'>suspicionem,</span> <span class='ocrx_word' id='word_1_78' title='bbox 766 714 804 743; x_wconf 89' lang='lat' dir='ltr'>ut</span> <span class='ocrx_word' id='word_1_79' title='bbox 826 716 984 756; x_wconf 86' lang='lat' dir='ltr'>putemus</span> <span class='ocrx_word' id='word_1_80' title='bbox 1008 707 1184 744; x_wconf 82' lang='lat' dir='ltr'>librarium</span> <span class='ocrx_word' id='word_1_81' title='bbox 1209 709 1375 744; x_wconf 76' lang='lat' dir='ltr'>memoria</span> <span class='ocrx_word' id='word_1_82' title='bbox 1389 714 1488 744; x_wconf 86' lang='lat' dir='ltr'>noto-</span> 
     </span>
     <span class='ocr_line' id='line_1_11' title="bbox 175 767 1487 816; baseline 0.001 -15"><span class='ocrx_word' id='word_1_83' title='bbox 175 779 319 814; x_wconf 88' lang='lat' dir='ltr'>rumque</span> <span class='ocrx_word' id='word_1_84' title='bbox 355 767 421 803; x_wconf 87' lang='lat' dir='ltr'>sibi</span> <span class='ocrx_word' id='word_1_85' title='bbox 457 769 640 804; x_wconf 87' lang='lat' dir='ltr'>verborum</span> <span class='ocrx_word' id='word_1_86' title='bbox 674 768 881 813; x_wconf 73' lang='lat' dir='ltr'>imaginibus</span> <span class='ocrx_word' id='word_1_87' title='bbox 917 768 1094 816; x_wconf 89' lang='lat' dir='ltr'>deceptum</span> <span class='ocrx_word' id='word_1_88' title='bbox 1141 769 1265 804; x_wconf 83' lang='lat' dir='ltr'>vitiosa</span> <span class='ocrx_word' id='word_1_89' title='bbox 1318 780 1487 811; x_wconf 79' lang='lat' dir='ltr'>exarasse,</span> 
     </span>
     <span class='ocr_line' id='line_1_12' title="bbox 179 827 1486 876; baseline 0.001 -14"><span class='ocrx_word' id='word_1_90' title='bbox 179 848 223 852; x_wconf 88' lang='lat'><strong>—</strong></span> <span class='ocrx_word' id='word_1_91' title='bbox 237 840 337 874; x_wconf 90' lang='lat' dir='ltr'>quem</span> <span class='ocrx_word' id='word_1_92' title='bbox 360 840 513 864; x_wconf 90' lang='lat' dir='ltr'>errorum</span> <span class='ocrx_word' id='word_1_93' title='bbox 526 828 653 864; x_wconf 79' lang='lat' dir='ltr'>fontem</span> <span class='ocrx_word' id='word_1_94' title='bbox 666 827 817 875; x_wconf 82' lang='lat' dir='ltr'>alioquin</span> <span class='ocrx_word' id='word_1_95' title='bbox 834 840 908 864; x_wconf 88' lang='lat' dir='ltr'>esse</span> <span class='ocrx_word' id='word_1_96' title='bbox 922 828 1133 864; x_wconf 85' lang='lat' dir='ltr'>uberrimum</span> <span class='ocrx_word' id='word_1_97' title='bbox 1147 828 1273 864; x_wconf 88' lang='lat' dir='ltr'>scimus</span> <span class='ocrx_word' id='word_1_98' title='bbox 1286 827 1426 876; x_wconf 81' lang='lat' dir='ltr'>experti,</span> <span class='ocrx_word' id='word_1_99' title='bbox 1440 846 1486 852; x_wconf 95' lang='lat'><strong>—</strong></span> 
     </span>
     <span class='ocr_line' id='line_1_13' title="bbox 175 887 1486 934; baseline 0.001 -12"><span class='ocrx_word' id='word_1_100' title='bbox 175 887 232 922; x_wconf 88' lang='lat' dir='ltr'>hic</span> <span class='ocrx_word' id='word_1_101' title='bbox 255 887 465 922; x_wconf 86' lang='lat' dir='ltr'>redeundum</span> <span class='ocrx_word' id='word_1_102' title='bbox 489 901 558 923; x_wconf 92' lang='lat' dir='ltr'>non</span> <span class='ocrx_word' id='word_1_103' title='bbox 582 895 650 925; x_wconf 86' lang='lat' dir='ltr'>est:</span> <span class='ocrx_word' id='word_1_104' title='bbox 686 888 801 924; x_wconf 83' lang='lat' dir='ltr'>omnia</span> <span class='ocrx_word' id='word_1_105' title='bbox 833 888 1007 923; x_wconf 86' lang='lat' dir='ltr'>referenda</span> <span class='ocrx_word' id='word_1_106' title='bbox 1030 888 1074 923; x_wconf 80' lang='lat' dir='ltr'>ad</span> <span class='ocrx_word' id='word_1_107' title='bbox 1097 888 1264 924; x_wconf 82' lang='lat' dir='ltr'>incuriam</span> <span class='ocrx_word' id='word_1_108' title='bbox 1288 900 1486 934; x_wconf 87' lang='lat' dir='ltr'>erroresque</span> 
     </span>
     <span class='ocr_line' id='line_1_14' title="bbox 176 947 362 983; baseline 0 0"><span class='ocrx_word' id='word_1_109' title='bbox 176 947 362 983; x_wconf 79' lang='lat' dir='ltr'>oculorum.</span> 
     </span>
    </p>
   </div>
   <div class='ocr_carea' id='block_1_3' title="bbox 173 1002 1485 1605">
    <p class='ocr_par' dir='ltr' id='par_1_3' title="bbox 173 1002 1485 1605">
     <span class='ocr_line' id='line_1_15' title="bbox 287 1002 1485 1069; baseline 0 -14"><span class='ocrx_word' id='word_1_110' title='bbox 287 1002 430 1055; x_wconf 72' lang='lat' dir='ltr'>Initium</span> <span class='ocrx_word' id='word_1_111' title='bbox 454 1021 626 1068; x_wconf 79' lang='lat' dir='ltr'>capiamus</span> <span class='ocrx_word' id='word_1_112' title='bbox 650 1034 672 1056; x_wconf 83' lang='lat' dir='ltr'>a</span> <span class='ocrx_word' id='word_1_113' title='bbox 693 1021 767 1056; x_wconf 85' lang='lat' dir='ltr'>loco</span> <span class='ocrx_word' id='word_1_114' title='bbox 790 1026 924 1069; x_wconf 78' lang='lat' dir='ltr'>praeter</span> <span class='ocrx_word' id='word_1_115' title='bbox 947 1021 1226 1056; x_wconf 82' lang='lat' dir='ltr'>consuetudinem</span> <span class='ocrx_word' id='word_1_116' title='bbox 1249 1020 1319 1056; x_wconf 86' lang='lat' dir='ltr'>fere</span> <span class='ocrx_word' id='word_1_117' title='bbox 1342 1020 1485 1065; x_wconf 77' lang='lat' dir='ltr'>integro,</span> 
     </span>
     <span class='ocr_line' id='line_1_16' title="bbox 180 1079 1484 1128; baseline 0 -13"><span class='ocrx_word' id='word_1_118' title='bbox 180 1086 219 1115; x_wconf 92' lang='lat' dir='ltr'>ut</span> <span class='ocrx_word' id='word_1_119' title='bbox 241 1080 453 1116; x_wconf 82' lang='lat' dir='ltr'>vindicemus</span> <span class='ocrx_word' id='word_1_120' title='bbox 479 1093 557 1116; x_wconf 91' lang='lat' dir='ltr'>eum</span> <span class='ocrx_word' id='word_1_121' title='bbox 581 1094 601 1116; x_wconf 82' lang='lat' dir='ltr'><strong>a</strong></span> <span class='ocrx_word' id='word_1_122' title='bbox 625 1079 832 1127; x_wconf 80' lang='lat' dir='ltr'>Schultingii</span> <span class='ocrx_word' id='word_1_123' title='bbox 855 1081 1003 1125; x_wconf 80' lang='lat' dir='ltr'>licentia,</span> <span class='ocrx_word' id='word_1_124' title='bbox 1028 1093 1114 1126; x_wconf 74' lang='lat' dir='ltr'>quae</span> <span class='ocrx_word' id='word_1_125' title='bbox 1139 1093 1247 1128; x_wconf 90' lang='lat' dir='ltr'>nuper</span> <span class='ocrx_word' id='word_1_126' title='bbox 1283 1080 1335 1115; x_wconf 90' lang='lat' dir='ltr'>vel</span> <span class='ocrx_word' id='word_1_127' title='bbox 1363 1079 1484 1115; x_wconf 86' lang='lat' dir='ltr'>Kiess-</span> 
     </span>
     <span class='ocr_line' id='line_1_17' title="bbox 174 1140 1483 1188; baseline 0.001 -13"><span class='ocrx_word' id='word_1_128' title='bbox 174 1140 285 1185; x_wconf 87' lang='lat' dir='ltr'>lingio</span> <span class='ocrx_word' id='word_1_129' title='bbox 309 1140 482 1187; x_wconf 85' lang='lat' dir='ltr'>imposuit.</span> <span class='ocrx_word' id='word_1_130' title='bbox 530 1140 675 1177; x_wconf 85' lang='lat' dir='ltr'>Contr.</span> <span class='ocrx_word' id='word_1_131' title='bbox 692 1140 808 1176; x_wconf 89' lang='lat' dir='ltr'>VIIII.</span> <span class='ocrx_word' id='word_1_132' title='bbox 834 1141 945 1186; x_wconf 60' lang='lat'>2529.</span> <span class='ocrx_word' id='word_1_133' title='bbox 972 1153 1004 1188; x_wconf 90' lang='lat' dir='ltr'>p.</span> <span class='ocrx_word' id='word_1_134' title='bbox 1022 1141 1159 1184; x_wconf 80' lang='lat'>411,25,</span> <span class='ocrx_word' id='word_1_135' title='bbox 1184 1140 1213 1175; x_wconf 90' lang='lat' dir='ltr'>si</span> <span class='ocrx_word' id='word_1_136' title='bbox 1238 1140 1343 1176; x_wconf 88' lang='lat' dir='ltr'>semel</span> <span class='ocrx_word' id='word_1_137' title='bbox 1367 1152 1429 1186; x_wconf 87' lang='lat' dir='ltr'>pro</span> <span class='ocrx_word' id='word_1_138' title='bbox 1445 1144 1483 1176; x_wconf 80' lang='lat' dir='ltr'><em>A</em></span> 
     </span>
     <span class='ocr_line' id='line_1_18' title="bbox 175 1199 1484 1246; baseline 0.001 -11"><span class='ocrx_word' id='word_1_139' title='bbox 175 1200 390 1235; x_wconf 89' lang='lat' dir='ltr'>substitueris</span> <span class='ocrx_word' id='word_1_140' title='bbox 424 1205 468 1244; x_wconf 87' lang='lat' dir='ltr'>A,</span> <span class='ocrx_word' id='word_1_141' title='bbox 504 1201 541 1235; x_wconf 91' lang='lat' dir='ltr'>in</span> <span class='ocrx_word' id='word_1_142' title='bbox 576 1200 671 1236; x_wconf 82' lang='lat' dir='ltr'>codd.</span> <span class='ocrx_word' id='word_1_143' title='bbox 708 1200 867 1246; x_wconf 81' lang='lat' dir='ltr'>leguntur</span> <span class='ocrx_word' id='word_1_144' title='bbox 903 1199 1001 1236; x_wconf 85' lang='lat' dir='ltr'>haec:</span> <span class='ocrx_word' id='word_1_145' title='bbox 1050 1200 1141 1235; x_wconf 57' lang='lat' dir='ltr'>dzicit</span> <span class='ocrx_word' id='word_1_146' title='bbox 1175 1201 1212 1235; x_wconf 77' lang='lat' dir='ltr'>in</span> <span class='ocrx_word' id='word_1_147' title='bbox 1243 1200 1306 1235; x_wconf 74' lang='lat' dir='ltr'>hac</span> <span class='ocrx_word' id='word_1_148' title='bbox 1335 1200 1484 1236; x_wconf 71' lang='lat' dir='ltr'>Nicetes:</span> 
     </span>
     <span class='ocr_line' id='line_1_19' title="bbox 174 1257 1483 1306; baseline -0.001 -12"><span class='ocrx_word' id='word_1_149' title='bbox 174 1258 224 1301; x_wconf 81' lang='grc' dir='ltr'>ὠς</span> <span class='ocrx_word' id='word_1_150' title='bbox 235 1258 426 1305; x_wconf 79' lang='grc' dir='ltr'><strong><em>δ’ἤκουσαν</em></strong></span> <span class='ocrx_word' id='word_1_151' title='bbox 438 1259 496 1294; x_wconf 74' lang='grc' dir='ltr'>ὅτι</span> <span class='ocrx_word' id='word_1_152' title='bbox 507 1257 713 1305; x_wconf 80' lang='grc' dir='ltr'>συμπόσιόν</span> <span class='ocrx_word' id='word_1_153' title='bbox 728 1260 824 1295; x_wconf 76' lang='grc' dir='ltr'><strong><em>ἐστιν</em></strong></span> <span class='ocrx_word' id='word_1_154' title='bbox 837 1259 957 1306; x_wconf 76' lang='grc' dir='ltr'><em>ἤριζον.</em></span> <span class='ocrx_word' id='word_1_155' title='bbox 983 1258 1202 1306; x_wconf 78' lang='lat' dir='ltr'>Supervacua</span> <span class='ocrx_word' id='word_1_156' title='bbox 1213 1263 1265 1293; x_wconf 86' lang='lat' dir='ltr'>est</span> <span class='ocrx_word' id='word_1_157' title='bbox 1278 1257 1483 1304; x_wconf 83' lang='lat' dir='ltr'>Schultingii</span> 
     </span>
     <span class='ocr_line' id='line_1_20' title="bbox 174 1317 1484 1366; baseline -0.001 -12"><span class='ocrx_word' id='word_1_158' title='bbox 174 1319 316 1354; x_wconf 84' lang='lat' dir='ltr'>mutatio</span> <span class='ocrx_word' id='word_1_159' title='bbox 339 1318 517 1354; x_wconf 76' lang='lat' dir='ltr'>smibentis</span> <span class='ocrx_word' id='word_1_160' title='bbox 541 1318 591 1361; x_wconf 80' lang='grc' dir='ltr'>ὠς</span> <span class='ocrx_word' id='word_1_161' title='bbox 613 1317 802 1366; x_wconf 77' lang='grc' dir='ltr'><em>δ’ἦκουσεν</em></span> <span class='ocrx_word' id='word_1_162' title='bbox 825 1345 833 1354; x_wconf 91' lang='grc'><strong>.</strong></span> <span class='ocrx_word' id='word_1_163' title='bbox 853 1346 861 1354; x_wconf 90' lang='grc'><strong>.</strong></span> <span class='ocrx_word' id='word_1_164' title='bbox 879 1346 887 1354; x_wconf 94' lang='grc'><strong>.</strong></span> <span class='ocrx_word' id='word_1_165' title='bbox 911 1318 1065 1365; x_wconf 77' lang='grc' dir='ltr'><em>ἤλπιζεν,</em></span> <span class='ocrx_word' id='word_1_166' title='bbox 1088 1317 1190 1353; x_wconf 91' lang='lat' dir='ltr'>modo</span> <span class='ocrx_word' id='word_1_167' title='bbox 1223 1318 1326 1353; x_wconf 79' lang='lat' dir='ltr'>verba</span> <span class='ocrx_word' id='word_1_168' title='bbox 1363 1317 1484 1353; x_wconf 74' lang='lat' dir='ltr'>tradita</span> 
     </span>
     <span class='ocr_line' id='line_1_21' title="bbox 175 1377 1484 1426; baseline -0.002 -11"><span class='ocrx_word' id='word_1_169' title='bbox 175 1385 264 1416; x_wconf 84' lang='lat' dir='ltr'>recte</span> <span class='ocrx_word' id='word_1_170' title='bbox 293 1379 539 1426; x_wconf 77' lang='lat' dir='ltr'>intellegamus.</span> <span class='ocrx_word' id='word_1_171' title='bbox 594 1379 661 1415; x_wconf 88' lang='lat' dir='ltr'>Est</span> <span class='ocrx_word' id='word_1_172' title='bbox 695 1385 808 1415; x_wconf 87' lang='lat' dir='ltr'>autem</span> <span class='ocrx_word' id='word_1_173' title='bbox 845 1378 1012 1414; x_wconf 80' lang='lat' dir='ltr'>sententia</span> <span class='ocrx_word' id='word_1_174' title='bbox 1047 1378 1147 1415; x_wconf 82' lang='lat' dir='ltr'>haec:</span> <span class='ocrx_word' id='word_1_175' title='bbox 1185 1378 1242 1414; x_wconf 91' lang='lat' dir='ltr'>ubi</span> <span class='ocrx_word' id='word_1_176' title='bbox 1278 1377 1484 1413; x_wconf 82' lang='lat' dir='ltr'>audiverunt</span> 
     </span>
     <span class='ocr_line' id='line_1_22' title="bbox 173 1439 1481 1488; baseline -0.001 -13"><span class='ocrx_word' id='word_1_177' title='bbox 173 1440 297 1488; x_wconf 86' lang='lat' dir='ltr'>captivi</span> <span class='ocrx_word' id='word_1_178' title='bbox 321 1440 517 1475; x_wconf 84' lang='lat' dir='ltr'>convivium</span> <span class='ocrx_word' id='word_1_179' title='bbox 541 1440 714 1484; x_wconf 85' lang='lat' dir='ltr'>celebrari,</span> <span class='ocrx_word' id='word_1_180' title='bbox 739 1439 945 1483; x_wconf 76' lang='lat' dir='ltr'>rixabantur,</span> <span class='ocrx_word' id='word_1_181' title='bbox 971 1439 1041 1475; x_wconf 87' lang='lat' dir='ltr'>scil.</span> <span class='ocrx_word' id='word_1_182' title='bbox 1068 1452 1135 1474; x_wconf 93' lang='lat' dir='ltr'>uno</span> <span class='ocrx_word' id='word_1_183' title='bbox 1160 1451 1304 1485; x_wconf 84' lang='lat' dir='ltr'>quoquc,</span> <span class='ocrx_word' id='word_1_184' title='bbox 1331 1444 1368 1473; x_wconf 85' lang='lat' dir='ltr'>ut</span> <span class='ocrx_word' id='word_1_185' title='bbox 1378 1439 1481 1474; x_wconf 86' lang='lat' dir='ltr'>liber—</span> 
     </span>
     <span class='ocr_line' id='line_1_23' title="bbox 174 1498 1478 1547; baseline -0.001 -13"><span class='ocrx_word' id='word_1_186' title='bbox 174 1505 278 1535; x_wconf 85' lang='lat' dir='ltr'>tatem</span> <span class='ocrx_word' id='word_1_187' title='bbox 303 1500 511 1547; x_wconf 81' lang='lat' dir='ltr'>reciperaret,</span> <span class='ocrx_word' id='word_1_188' title='bbox 535 1499 578 1534; x_wconf 81' lang='lat' dir='ltr'>ad</span> <span class='ocrx_word' id='word_1_189' title='bbox 602 1499 837 1547; x_wconf 87' lang='lat' dir='ltr'>proconsulem</span> <span class='ocrx_word' id='word_1_190' title='bbox 874 1500 949 1534; x_wconf 90' lang='lat' dir='ltr'>duci</span> <span class='ocrx_word' id='word_1_191' title='bbox 985 1499 1159 1544; x_wconf 76' lang='lat' dir='ltr'>gestiente.</span> <span class='ocrx_word' id='word_1_192' title='bbox 1220 1499 1278 1533; x_wconf 85' lang='lat' dir='ltr'>Ad</span> <span class='ocrx_word' id='word_1_193' title='bbox 1300 1511 1372 1534; x_wconf 88' lang='lat' dir='ltr'>rem</span> <span class='ocrx_word' id='word_1_194' title='bbox 1397 1498 1478 1534; x_wconf 88' lang='lat' dir='ltr'>illu-</span> 
     </span>
     <span class='ocr_line' id='line_1_24' title="bbox 174 1558 1042 1605; baseline 0 -12"><span class='ocrx_word' id='word_1_195' title='bbox 174 1559 349 1594; x_wconf 80' lang='lat' dir='ltr'>strandam</span> <span class='ocrx_word' id='word_1_196' title='bbox 371 1558 431 1593; x_wconf 78' lang='lat' dir='ltr'>cfr.</span> <span class='ocrx_word' id='word_1_197' title='bbox 456 1571 489 1605; x_wconf 91' lang='lat' dir='ltr'>p.</span> <span class='ocrx_word' id='word_1_198' title='bbox 513 1559 615 1602; x_wconf 79' lang='lat'>412‚9</span> <span class='ocrx_word' id='word_1_199' title='bbox 639 1559 840 1593; x_wconf 79' lang='lat' dir='ltr'>sententiam</span> <span class='ocrx_word' id='word_1_200' title='bbox 865 1558 1042 1603; x_wconf 85' lang='lat' dir='ltr'>Glyconis.</span> 
     </span>
    </p>
   </div>
   <div class='ocr_carea' id='block_1_4' title="bbox 171 1630 1485 2216">
    <p class='ocr_par' dir='ltr' id='par_1_4' title="bbox 171 1630 1485 2216">
     <span class='ocr_line' id='line_1_25' title="bbox 284 1630 1480 1679; baseline -0.002 -13"><span class='ocrx_word' id='word_1_201' title='bbox 284 1632 358 1666; x_wconf 77' lang='lat' dir='ltr'>Iam</span> <span class='ocrx_word' id='word_1_202' title='bbox 381 1637 491 1666; x_wconf 80' lang='lat' dir='ltr'>cetera</span> <span class='ocrx_word' id='word_1_203' title='bbox 514 1631 631 1666; x_wconf 86' lang='lat' dir='ltr'>ordine</span> <span class='ocrx_word' id='word_1_204' title='bbox 654 1631 940 1679; x_wconf 80' lang='lat' dir='ltr'>persequamur.¹)</span> <span class='ocrx_word' id='word_1_205' title='bbox 973 1630 1057 1667; x_wconf 90' lang='lat' dir='ltr'>Con</span> <span class='ocrx_word' id='word_1_206' title='bbox 1067 1636 1115 1667; x_wconf 88' lang='lat' dir='ltr'>tr.</span> <span class='ocrx_word' id='word_1_207' title='bbox 1137 1630 1165 1666; x_wconf 91' lang='lat' dir='ltr'>I.</span> <span class='ocrx_word' id='word_1_208' title='bbox 1181 1632 1272 1675; x_wconf 88' lang='lat'>8,16.</span> <span class='ocrx_word' id='word_1_209' title='bbox 1289 1644 1322 1678; x_wconf 91' lang='lat' dir='ltr'>p.</span> <span class='ocrx_word' id='word_1_210' title='bbox 1343 1632 1480 1676; x_wconf 86' lang='lat'>138‚16:</span> 
     </span>
     <span class='ocr_line' id='line_1_26' title="bbox 171 1689 1481 1739; baseline 0 -13"><span class='ocrx_word' id='word_1_211' title='bbox 171 1691 302 1738; x_wconf 74' lang='lat' dir='ltr'>Glycon</span> <span class='ocrx_word' id='word_1_212' title='bbox 325 1691 442 1726; x_wconf 56' lang='lat' dir='ltr'>dimin</span> <span class='ocrx_word' id='word_1_213' title='bbox 461 1689 522 1726; x_wconf 81' lang='grc' dir='ltr'>οὒκ</span> <span class='ocrx_word' id='word_1_214' title='bbox 545 1691 642 1727; x_wconf 79' lang='grc' dir='ltr'><strong><em>ἔστιν</em></strong></span> <span class='ocrx_word' id='word_1_215' title='bbox 664 1691 1062 1727; x_wconf 80' lang='grc' dir='ltr'><em>ΕΥΙΟΛΝΟΝΙΟἸῸΝ</em></span> <span class='ocrx_word' id='word_1_216' title='bbox 1081 1690 1153 1726; x_wconf 80' lang='grc' dir='ltr'>ὑπὸ</span> <span class='ocrx_word' id='word_1_217' title='bbox 1184 1691 1367 1732; x_wconf 79' lang='grc' dir='ltr'><strong><em>κλαίοντος</em></strong></span> <span class='ocrx_word' id='word_1_218' title='bbox 1393 1704 1481 1739; x_wconf 82' lang='grc' dir='ltr'><strong><em>προ-</em></strong></span> 
     </span>
     <span class='ocr_line' id='line_1_27' title="bbox 175 1748 1481 1796; baseline 0.001 -11"><span class='ocrx_word' id='word_1_219' title='bbox 175 1752 398 1796; x_wconf 75' lang='grc' dir='ltr'><strong><em>πέμπεσθαι.</em></strong></span> <span class='ocrx_word' id='word_1_220' title='bbox 435 1748 609 1796; x_wconf 82' lang='lat' dir='ltr'>Sagaciter</span> <span class='ocrx_word' id='word_1_221' title='bbox 625 1750 707 1786; x_wconf 86' lang='lat' dir='ltr'>haec</span> <span class='ocrx_word' id='word_1_222' title='bbox 723 1749 874 1785; x_wconf 79' lang='lat' dir='ltr'>Haasius</span> <span class='ocrx_word' id='word_1_223' title='bbox 892 1756 925 1785; x_wconf 90' lang='lat' dir='ltr'>et</span> <span class='ocrx_word' id='word_1_224' title='bbox 940 1750 1129 1785; x_wconf 88' lang='lat' dir='ltr'>Bursianus</span> <span class='ocrx_word' id='word_1_225' title='bbox 1146 1763 1188 1785; x_wconf 87' lang='lat' dir='ltr'>ex</span> <span class='ocrx_word' id='word_1_226' title='bbox 1204 1750 1359 1785; x_wconf 86' lang='lat' dir='ltr'>codicum</span> <span class='ocrx_word' id='word_1_227' title='bbox 1375 1752 1481 1786; x_wconf 89' lang='lat' dir='ltr'>vesti-</span> 
     </span>
     <span class='ocr_line' id='line_1_28' title="bbox 176 1810 1483 1856; baseline 0.001 -11"><span class='ocrx_word' id='word_1_228' title='bbox 176 1811 241 1856; x_wconf 85' lang='lat' dir='ltr'>giis</span> <span class='ocrx_word' id='word_1_229' title='bbox 272 1811 491 1847; x_wconf 88' lang='lat' dir='ltr'>subobscuris</span> <span class='ocrx_word' id='word_1_230' title='bbox 520 1816 694 1853; x_wconf 88' lang='lat' dir='ltr'>eruerunt,</span> <span class='ocrx_word' id='word_1_231' title='bbox 718 1810 778 1845; x_wconf 89' lang='lat' dir='ltr'>sed</span> <span class='ocrx_word' id='word_1_232' title='bbox 801 1811 837 1845; x_wconf 92' lang='lat' dir='ltr'>in</span> <span class='ocrx_word' id='word_1_233' title='bbox 861 1811 921 1856; x_wconf 80' lang='lat' dir='ltr'>eis,</span> <span class='ocrx_word' id='word_1_234' title='bbox 946 1822 1032 1856; x_wconf 83' lang='lat' dir='ltr'>quae</span> <span class='ocrx_word' id='word_1_235' title='bbox 1056 1810 1144 1846; x_wconf 87' lang='lat' dir='ltr'>sicut</span> <span class='ocrx_word' id='word_1_236' title='bbox 1167 1811 1203 1845; x_wconf 93' lang='lat' dir='ltr'>in</span> <span class='ocrx_word' id='word_1_237' title='bbox 1227 1810 1323 1846; x_wconf 86' lang='lat' dir='ltr'>codd.</span> <span class='ocrx_word' id='word_1_238' title='bbox 1348 1816 1483 1847; x_wconf 81' lang='lat' dir='ltr'>exstant</span> 
     </span>
     <span class='ocr_line' id='line_1_29' title="bbox 172 1869 1484 1917; baseline 0.001 -12"><span class='ocrx_word' id='word_1_239' title='bbox 172 1869 347 1917; x_wconf 83' lang='lat' dir='ltr'>exscripsi,</span> <span class='ocrx_word' id='word_1_240' title='bbox 375 1870 561 1906; x_wconf 76' lang='lat' dir='ltr'>enodandis</span> <span class='ocrx_word' id='word_1_241' title='bbox 596 1883 695 1906; x_wconf 89' lang='lat' dir='ltr'>nemo</span> <span class='ocrx_word' id='word_1_242' title='bbox 731 1870 842 1905; x_wconf 81' lang='lat' dir='ltr'>adhuc</span> <span class='ocrx_word' id='word_1_243' title='bbox 877 1870 963 1905; x_wconf 88' lang='lat' dir='ltr'>mihi</span> <span class='ocrx_word' id='word_1_244' title='bbox 1000 1870 1171 1905; x_wconf 81' lang='lat' dir='ltr'>satisfecit.</span> <span class='ocrx_word' id='word_1_245' title='bbox 1232 1870 1426 1906; x_wconf 76' lang='lat' dir='ltr'>Bursianus</span> <span class='ocrx_word' id='word_1_246' title='bbox 1450 1876 1484 1906; x_wconf 90' lang='lat' dir='ltr'>et</span> 
     </span>
     <span class='ocr_line' id='line_1_30' title="bbox 172 1928 1483 1976; baseline 0.002 -12"><span class='ocrx_word' id='word_1_247' title='bbox 172 1929 404 1975; x_wconf 81' lang='lat' dir='ltr'>Kiesslingius</span> <span class='ocrx_word' id='word_1_248' title='bbox 440 1929 611 1965; x_wconf 83' lang='lat' dir='ltr'>Haasium</span> <span class='ocrx_word' id='word_1_249' title='bbox 645 1930 751 1965; x_wconf 90' lang='lat' dir='ltr'>secuti</span> <span class='ocrx_word' id='word_1_250' title='bbox 775 1929 939 1964; x_wconf 86' lang='lat' dir='ltr'>dederunt</span> <span class='ocrx_word' id='word_1_251' title='bbox 962 1928 1226 1972; x_wconf 73' lang='grc' dir='ltr'><strong><em>εὖκανονιστὸν,</em></strong></span> <span class='ocrx_word' id='word_1_252' title='bbox 1261 1930 1353 1976; x_wconf 92' lang='lat' dir='ltr'>quod</span> <span class='ocrx_word' id='word_1_253' title='bbox 1382 1943 1483 1966; x_wconf 82' lang='lat' dir='ltr'>voca—</span> 
     </span>
     <span class='ocr_line' id='line_1_31' title="bbox 172 1988 1485 2039; baseline 0.002 -16"><span class='ocrx_word' id='word_1_254' title='bbox 172 1988 292 2023; x_wconf 90' lang='lat' dir='ltr'>bulum</span> <span class='ocrx_word' id='word_1_255' title='bbox 315 1988 483 2035; x_wconf 91' lang='lat' dir='ltr'>quomodo</span> <span class='ocrx_word' id='word_1_256' title='bbox 517 1988 575 2024; x_wconf 86' lang='lat' dir='ltr'>hic</span> <span class='ocrx_word' id='word_1_257' title='bbox 597 1988 676 2024; x_wconf 89' lang='lat' dir='ltr'>ferri</span> <span class='ocrx_word' id='word_1_258' title='bbox 700 1989 818 2036; x_wconf 86' lang='lat' dir='ltr'>possit,</span> <span class='ocrx_word' id='word_1_259' title='bbox 855 2001 917 2034; x_wconf 84' lang='lat' dir='ltr'>ego</span> <span class='ocrx_word' id='word_1_260' title='bbox 951 2001 1021 2023; x_wconf 92' lang='lat' dir='ltr'>non</span> <span class='ocrx_word' id='word_1_261' title='bbox 1057 1989 1216 2036; x_wconf 88' lang='lat' dir='ltr'>dispicio:</span> <span class='ocrx_word' id='word_1_262' title='bbox 1253 1990 1379 2039; x_wconf 87' lang='lat' dir='ltr'>quippe</span> <span class='ocrx_word' id='word_1_263' title='bbox 1414 2003 1485 2025; x_wconf 90' lang='lat' dir='ltr'>non</span> 
     </span>
     <span class='ocr_line' id='line_1_32' title="bbox 171 2046 1485 2096; baseline 0.002 -13"><span class='ocrx_word' id='word_1_264' title='bbox 171 2053 354 2095; x_wconf 80' lang='lat' dir='ltr'>usurpatur</span> <span class='ocrx_word' id='word_1_265' title='bbox 377 2048 445 2083; x_wconf 90' lang='lat' dir='ltr'>nisi</span> <span class='ocrx_word' id='word_1_266' title='bbox 468 2048 511 2083; x_wconf 89' lang='lat' dir='ltr'>de</span> <span class='ocrx_word' id='word_1_267' title='bbox 533 2046 647 2095; x_wconf 79' lang='grc' dir='ltr'><em>τόπῳ,</em></span> <span class='ocrx_word' id='word_1_268' title='bbox 678 2054 717 2083; x_wconf 87' lang='lat' dir='ltr'>ut</span> <span class='ocrx_word' id='word_1_269' title='bbox 750 2048 795 2082; x_wconf 88' lang='lat' dir='ltr'>sit</span> <span class='ocrx_word' id='word_1_270' title='bbox 818 2048 966 2095; x_wconf 88' lang='lat' dir='ltr'>,optimis</span> <span class='ocrx_word' id='word_1_271' title='bbox 991 2048 1118 2094; x_wconf 81' lang='lat' dir='ltr'>regulis</span> <span class='ocrx_word' id='word_1_272' title='bbox 1143 2049 1315 2084; x_wconf 85' lang='lat' dir='ltr'>di1·ectus.‘</span> <span class='ocrx_word' id='word_1_273' title='bbox 1362 2050 1485 2096; x_wconf 88' lang='lat' dir='ltr'>Neque</span> 
     </span>
     <span class='ocr_line' id='line_1_33' title="bbox 171 2106 1485 2155; baseline 0.002 -12"><span class='ocrx_word' id='word_1_274' title='bbox 171 2107 287 2143; x_wconf 82' lang='lat' dir='ltr'>minus</span> <span class='ocrx_word' id='word_1_275' title='bbox 310 2107 476 2155; x_wconf 88' lang='lat' dir='ltr'>improbo,</span> <span class='ocrx_word' id='word_1_276' title='bbox 500 2107 592 2154; x_wconf 89' lang='lat' dir='ltr'>quod</span> <span class='ocrx_word' id='word_1_277' title='bbox 615 2107 812 2154; x_wconf 79' lang='lat' dir='ltr'>Madvigius</span> <span class='ocrx_word' id='word_1_278' title='bbox 836 2108 989 2153; x_wconf 88' lang='lat' dir='ltr'>coniecit,</span> <span class='ocrx_word' id='word_1_279' title='bbox 1014 2106 1300 2154; x_wconf 74' lang='grc' dir='ltr'><strong><em>εὗδαιμονιστόνε</em></strong></span> <span class='ocrx_word' id='word_1_280' title='bbox 1338 2122 1406 2145; x_wconf 91' lang='lat' dir='ltr'>non</span> <span class='ocrx_word' id='word_1_281' title='bbox 1430 2110 1485 2145; x_wconf 89' lang='lat' dir='ltr'>vi-</span> 
     </span>
     <span class='ocr_line' id='line_1_34' title="bbox 174 2166 1484 2216; baseline 0.003 -14"><span class='ocrx_word' id='word_1_282' title='bbox 174 2167 297 2203; x_wconf 86' lang='lat' dir='ltr'>dentur</span> <span class='ocrx_word' id='word_1_283' title='bbox 320 2166 443 2204; x_wconf 76' lang='lat' dir='ltr'>Graeci</span> <span class='ocrx_word' id='word_1_284' title='bbox 467 2167 532 2203; x_wconf 82' lang='lat' dir='ltr'>hac</span> <span class='ocrx_word' id='word_1_285' title='bbox 554 2167 664 2203; x_wconf 80' lang='lat' dir='ltr'>forma</span> <span class='ocrx_word' id='word_1_286' title='bbox 680 2167 732 2202; x_wconf 90' lang='lat' dir='ltr'>usi</span> <span class='ocrx_word' id='word_1_287' title='bbox 744 2180 829 2212; x_wconf 88' lang='lat' dir='ltr'>esse,</span> <span class='ocrx_word' id='word_1_288' title='bbox 853 2178 963 2214; x_wconf 88' lang='lat' dir='ltr'>neque</span> <span class='ocrx_word' id='word_1_289' title='bbox 977 2168 1115 2204; x_wconf 89' lang='lat' dir='ltr'>omnino</span> <span class='ocrx_word' id='word_1_290' title='bbox 1128 2168 1238 2216; x_wconf 81' lang='lat' dir='ltr'>placet</span> <span class='ocrx_word' id='word_1_291' title='bbox 1249 2168 1314 2205; x_wconf 92' lang='lat' dir='ltr'>hoc</span> <span class='ocrx_word' id='word_1_292' title='bbox 1330 2170 1484 2209; x_wconf 86' lang='lat' dir='ltr'>verbum.</span> 
     </span>
    </p>
   </div>
   <div class='ocr_carea' id='block_1_5' title="bbox 173 2254 393 2261">
    <p class='ocr_par' dir='ltr' id='par_1_5' title="bbox 173 2254 393 2261">
     <span class='ocr_line' id='line_1_35' title="bbox 173 2254 393 2261; baseline 0 0"><span class='ocrx_word' id='word_1_293' title='bbox 173 2254 393 2261; x_wconf 95' lang='lat' dir='ltr'> </span> 
     </span>
    </p>
   </div>
   <div class='ocr_carea' id='block_1_6' title="bbox 171 2295 1488 2431">
    <p class='ocr_par' dir='ltr' id='par_1_6' title="bbox 171 2295 1488 2431">
     <span class='ocr_line' id='line_1_36' title="bbox 283 2295 1487 2334; baseline 0.002 -9"><span class='ocrx_word' id='word_1_294' title='bbox 283 2296 306 2333; x_wconf 91' lang='lat'>¹)</span> <span class='ocrx_word' id='word_1_295' title='bbox 324 2295 512 2334; x_wconf 70' lang='lat' dir='ltr'>Quamquam</span> <span class='ocrx_word' id='word_1_296' title='bbox 531 2295 568 2326; x_wconf 86' lang='lat' dir='ltr'>de</span> <span class='ocrx_word' id='word_1_297' title='bbox 586 2295 728 2327; x_wconf 85' lang='lat' dir='ltr'>universo</span> <span class='ocrx_word' id='word_1_298' title='bbox 747 2295 814 2325; x_wconf 85' lang='lat' dir='ltr'>loco</span> <span class='ocrx_word' id='word_1_299' title='bbox 834 2295 986 2326; x_wconf 76' lang='lat' dir='ltr'>sententia</span> <span class='ocrx_word' id='word_1_300' title='bbox 1004 2296 1076 2326; x_wconf 88' lang='lat' dir='ltr'>mihi</span> <span class='ocrx_word' id='word_1_301' title='bbox 1094 2296 1225 2327; x_wconf 77' lang='lat' dir='ltr'>nondum</span> <span class='ocrx_word' id='word_1_302' title='bbox 1244 2299 1372 2332; x_wconf 72' lang='lat' dir='ltr'>constat,</span> <span class='ocrx_word' id='word_1_303' title='bbox 1385 2300 1487 2327; x_wconf 74' lang='lat' dir='ltr'>temen</span> 
     </span>
     <span class='ocr_line' id='line_1_37' title="bbox 171 2341 1486 2387; baseline 0.002 -15"><span class='ocrx_word' id='word_1_304' title='bbox 171 2341 262 2373; x_wconf 80' lang='lat' dir='ltr'>verbo</span> <span class='ocrx_word' id='word_1_305' title='bbox 281 2341 392 2387; x_wconf 71' lang='lat' dir='ltr'>notabo</span> <span class='ocrx_word' id='word_1_306' title='bbox 412 2343 536 2374; x_wconf 82' lang='lat' dir='ltr'>Gontr.</span> <span class='ocrx_word' id='word_1_307' title='bbox 554 2342 580 2373; x_wconf 86' lang='lat'>1.</span> <span class='ocrx_word' id='word_1_308' title='bbox 598 2344 671 2378; x_wconf 52' lang='lat'>7318»</span> <span class='ocrx_word' id='word_1_309' title='bbox 688 2351 718 2381; x_wconf 80' lang='lat' dir='ltr'>P.</span> <span class='ocrx_word' id='word_1_310' title='bbox 739 2344 827 2380; x_wconf 63' lang='lat'>1303,</span> <span class='ocrx_word' id='word_1_311' title='bbox 858 2343 909 2372; x_wconf 88' lang='lat' dir='ltr'>ubi</span> <span class='ocrx_word' id='word_1_312' title='bbox 926 2342 1011 2373; x_wconf 83' lang='lat' dir='ltr'>codd.</span> <span class='ocrx_word' id='word_1_313' title='bbox 1029 2342 1142 2374; x_wconf 72' lang='lat' dir='ltr'>habent</span> <span class='ocrx_word' id='word_1_314' title='bbox 1159 2342 1268 2374; x_wconf 76' lang='lat' dir='ltr'>donent</span> <span class='ocrx_word' id='word_1_315' title='bbox 1286 2348 1486 2380; x_wconf 68' lang='lat' dir='ltr'>AXEINON,</span> 
     </span>
     <span class='ocr_line' id='line_1_38' title="bbox 172 2388 1488 2431; baseline 0.001 -12"><span class='ocrx_word' id='word_1_316' title='bbox 172 2388 401 2428; x_wconf 83' lang='lat' dir='ltr'>Kiessiingium,</span> <span class='ocrx_word' id='word_1_317' title='bbox 413 2392 574 2427; x_wconf 70' lang='lat' dir='ltr'>postquam</span> <span class='ocrx_word' id='word_1_318' title='bbox 587 2389 662 2420; x_wconf 88' lang='lat' dir='ltr'>scite</span> <span class='ocrx_word' id='word_1_319' title='bbox 675 2389 813 2420; x_wconf 83' lang='lat' dir='ltr'>restituit</span> <span class='ocrx_word' id='word_1_320' title='bbox 831 2390 956 2430; x_wconf 71' lang='grc' dir='ltr'>εἴδομεν,</span> <span class='ocrx_word' id='word_1_321' title='bbox 975 2398 1037 2419; x_wconf 85' lang='lat' dir='ltr'>non</span> <span class='ocrx_word' id='word_1_322' title='bbox 1055 2389 1131 2420; x_wconf 86' lang='lat' dir='ltr'>bene</span> <span class='ocrx_word' id='word_1_323' title='bbox 1144 2389 1304 2428; x_wconf 78' lang='lat' dir='ltr'>scripsisse</span> <span class='ocrx_word' id='word_1_324' title='bbox 1324 2391 1488 2431; x_wconf 70' lang='grc' dir='ltr'><strong><em>ταχόπλουν</em></strong></span> 
     </span>
    </p>
   </div>
   <div class='ocr_carea' id='block_1_7' title="bbox 1286 2447 1322 2480">
    <p class='ocr_par' dir='ltr' id='par_1_7' title="bbox 1286 2447 1322 2480">
     <span class='ocr_line' id='line_1_39' title="bbox 1286 2447 1322 2480; baseline 0 -14"><span class='ocrx_word' id='word_1_325' title='bbox 1286 2447 1322 2480; x_wconf 65' lang='grc'>3*</span> 
     </span>
    </p>
   </div>
  </div>
 </body>
</html>
