1683 2802
672 200 896 235 -49...

128 302 271 348 configit
293 301 406 336 favore
430 313 484 336 vv.
509 300 563 336 cll.
589 300 711 335 Rohde
730 301 771 336 de
794 300 1002 336 Gutschmid
1021 300 1076 352 M.
1091 300 1257 346 Schmidt,
1278 306 1316 335 ut
1340 301 1442 336 semi-

128 362 215 396 narii
238 360 436 407 philologici
459 372 520 406 per
544 359 611 394 duo
636 361 811 395 semestria
834 372 944 395 essem
969 356 1103 395 sodalis
1120 360 1323 394 ordinarius.
1370 359 1441 395 Ibi-

127 421 204 456 dem
228 419 320 467 apud
336 417 545 455 Sieversium
559 418 837 467 palaeographiae
850 419 994 455 Latinae
1006 419 1173 455 elementa
1189 419 1301 454 didici.
1333 418 1441 455 Corn—

128 479 328 515 morationis
357 478 552 513 Bonnensis
581 491 660 513 cum
694 479 737 514 ob
770 479 856 514 alias
886 492 1022 523 causas,
1060 491 1144 525 quas
1174 491 1343 526 exponere
1369 491 1440 514 non

129 544 180 574 est
215 538 318 573 huius
354 537 437 579 loci,
475 537 678 572 suavissima
700 538 786 573 mihi
810 544 862 573 est
888 539 1063 582 memoria,
1095 544 1169 573 tum
1197 539 1241 574 ob
1269 538 1439 584 insignem

128 597 326 634 Buecheleri
357 604 391 632 et
422 596 563 633 Useneri
599 597 805 642 facilitatem,
843 599 901 644 qui
927 599 1099 634 seminarii
1123 599 1205 643 regii
1230 598 1439 645 philologici,

126 658 223 693 cuius
253 656 550 692 exercitationibus
579 669 639 703 per
667 656 733 691 duo
763 658 939 692 semestria
979 657 1130 701 interfui,
1175 657 1326 692 sodalem
1350 657 1437 691 ordi-

126 716 259 752 narium
295 727 350 751 me
385 720 542 751 crearunt
577 728 775 764 semperque
811 716 923 752 studia
957 729 1032 752 mea
1064 729 1232 765 propensa
1263 717 1437 753 voluntate

127 777 341 811 adiuverunt.
390 777 507 821 Atque
530 776 683 822 permisit
704 776 789 811 mihi
817 777 920 811 etiam
937 777 1133 819 Buecheler,
1160 785 1197 811 ut
1223 778 1438 812 exercitatio-

128 835 230 870 nibus
261 833 363 870 Oscis
401 841 434 870 et
463 834 639 870 Umbricis
676 848 697 870 a
731 848 805 871 sese
833 836 998 871 institutis
1027 836 1236 871 interessem.
1286 835 1437 871 Berolim'

125 895 270 941 denique
305 901 344 929 ut
378 895 673 930 exercitationibus
704 896 774 930 suis
803 897 1000 931 interessem
1030 897 1174 941 benigne
1198 902 1437 931 concesserunt

124 954 340 1002 philologieis
377 953 526 999 Vahlen,
562 954 788 1001 epigraphicis
827 955 1023 1000 Kirchhoff,
1061 956 1277 991 Aristoteleis
1313 956 1434 999 Zeller,

125 1014 322 1050 Theodiscis
351 1013 586 1049 Muellenhoff.
638 1013 735 1058 Quos
764 1015 856 1050 viros
884 1016 1009 1061 optime
1043 1016 1085 1051 de
1111 1028 1166 1050 me
1193 1015 1331 1050 meritos
1360 1027 1435 1050 esse

124 1080 219 1119 grato
246 1073 361 1108 animo
387 1073 561 1119 profiteor:
591 1074 700 1110 facere
725 1080 838 1110 autem
865 1087 935 1110 non
959 1086 1111 1122 possum,
1136 1075 1219 1120 quin
1245 1074 1435 1120 singulares

124 1133 249 1179 gratias
274 1145 374 1178 agam
398 1132 564 1178 Vahleno,
589 1134 685 1169 cuius
710 1134 828 1169 subtili
851 1134 1023 1169 doctrinae
1053 1140 1086 1169 et
1110 1134 1253 1169 eximiae
1276 1146 1356 1180 erga
1379 1146 1434 1169 me

124 1192 376 1228 benevolentiae
401 1193 586 1241 plurimum
609 1193 722 1229 debeo.
