<?xml version="1.0" encoding="UTF-8"?>
<!DOCTYPE html PUBLIC "-//W3C//DTD XHTML 1.0 Transitional//EN"
    "http://www.w3.org/TR/xhtml1/DTD/xhtml1-transitional.dtd">
<html xmlns="http://www.w3.org/1999/xhtml" xml:lang="en" lang="en">
 <head>
  <title>
</title>
<meta http-equiv="Content-Type" content="text/html;charset=utf-8" />
  <meta name='ocr-system' content='tesseract 3.04.00' />
  <meta name='ocr-capabilities' content='ocr_page ocr_carea ocr_par ocr_line ocrx_word'/>
</head>
<body>
  <div class='ocr_page' id='page_1' title='image "4771773_0038.png"; bbox 0 0 1740 2765; ppageno 0'>
   <div class='ocr_carea' id='block_1_1' title="bbox 731 166 961 201">
    <p class='ocr_par' dir='ltr' id='par_1_1' title="bbox 731 166 961 201">
     <span class='ocr_line' id='line_1_1' title="bbox 731 166 961 201; baseline 0 -9"><span class='ocrx_word' id='word_1_1' title='bbox 731 166 961 201; x_wconf 66' lang='lat'><strong>-30.-</strong></span> 
     </span>
    </p>
   </div>
   <div class='ocr_carea' id='block_1_2' title="bbox 165 264 1503 2229">
    <p class='ocr_par' dir='ltr' id='par_1_2' title="bbox 165 264 1503 2229">
     <span class='ocr_line' id='line_1_2' title="bbox 180 264 1503 313; baseline -0.001 -13"><span class='ocrx_word' id='word_1_2' title='bbox 180 265 307 313; x_wconf 91' lang='lat' dir='ltr'><strong>optime</strong></span> <span class='ocrx_word' id='word_1_3' title='bbox 323 265 486 300; x_wconf 90' lang='lat' dir='ltr'><strong>meritum</strong></span> <span class='ocrx_word' id='word_1_4' title='bbox 502 277 634 301; x_wconf 85' lang='lat' dir='ltr'><strong>errasse</strong></span> <span class='ocrx_word' id='word_1_5' title='bbox 650 279 712 313; x_wconf 90' lang='lat' dir='ltr'><strong>pro</strong></span> <span class='ocrx_word' id='word_1_6' title='bbox 729 271 820 301; x_wconf 89' lang='lat' dir='ltr'><strong>certo</strong></span> <span class='ocrx_word' id='word_1_7' title='bbox 837 267 955 302; x_wconf 88' lang='lat' dir='ltr'><strong>habeo.</strong></span> <span class='ocrx_word' id='word_1_8' title='bbox 989 266 1142 301; x_wconf 90' lang='lat' dir='ltr'><strong>Primum</strong></span> <span class='ocrx_word' id='word_1_9' title='bbox 1159 265 1250 300; x_wconf 90' lang='lat' dir='ltr'><strong>enim</strong></span> <span class='ocrx_word' id='word_1_10' title='bbox 1266 264 1417 300; x_wconf 79' lang='lat' dir='ltr'><strong>vidimus</strong></span> <span class='ocrx_word' id='word_1_11' title='bbox 1433 264 1503 299; x_wconf 90' lang='lat' dir='ltr'><strong>iam</strong></span> 
     </span>
     <span class='ocr_line' id='line_1_3' title="bbox 180 323 1503 371; baseline 0 -13"><span class='ocrx_word' id='word_1_12' title='bbox 180 336 284 371; x_wconf 86' lang='lat' dir='ltr'><strong>supra</strong></span> <span class='ocrx_word' id='word_1_13' title='bbox 308 323 388 358; x_wconf 85' lang='lat' dir='ltr'><strong>data</strong></span> <span class='ocrx_word' id='word_1_14' title='bbox 410 324 586 359; x_wconf 74' lang='lat' dir='ltr'><strong>occasione</strong></span> <span class='ocrx_word' id='word_1_15' title='bbox 610 337 685 359; x_wconf 91' lang='lat' dir='ltr'><strong>esse</strong></span> <span class='ocrx_word' id='word_1_16' title='bbox 709 325 774 360; x_wconf 90' lang='lat' dir='ltr'><strong>hoc</strong></span> <span class='ocrx_word' id='word_1_17' title='bbox 798 325 1002 360; x_wconf 83' lang='lat' dir='ltr'><strong>emendandi</strong></span> <span class='ocrx_word' id='word_1_18' title='bbox 1023 336 1132 371; x_wconf 86' lang='lat' dir='ltr'><strong>genus</strong></span> <span class='ocrx_word' id='word_1_19' title='bbox 1148 324 1184 358; x_wconf 93' lang='lat' dir='ltr'><strong>in</strong></span> <span class='ocrx_word' id='word_1_20' title='bbox 1202 323 1257 358; x_wconf 86' lang='lat' dir='ltr'><strong>his</strong></span> <span class='ocrx_word' id='word_1_21' title='bbox 1280 324 1378 359; x_wconf 88' lang='lat' dir='ltr'><strong>libris</strong></span> <span class='ocrx_word' id='word_1_22' title='bbox 1403 323 1503 359; x_wconf 89' lang='lat' dir='ltr'><strong>valde</strong></span> 
     </span>
     <span class='ocr_line' id='line_1_4' title="bbox 178 381 1503 431; baseline 0.001 -14"><span class='ocrx_word' id='word_1_23' title='bbox 178 383 358 418; x_wconf 88' lang='lat' dir='ltr'><strong>lubricum.</strong></span> <span class='ocrx_word' id='word_1_24' title='bbox 399 381 507 417; x_wconf 90' lang='lat' dir='ltr'><strong>Porro</strong></span> <span class='ocrx_word' id='word_1_25' title='bbox 532 382 621 429; x_wconf 86' lang='lat' dir='ltr'><strong>quis,</strong></span> <span class='ocrx_word' id='word_1_26' title='bbox 647 395 784 429; x_wconf 82' lang='lat' dir='ltr'>quaeso,</span> <span class='ocrx_word' id='word_1_27' title='bbox 802 396 965 430; x_wconf 85' lang='lat' dir='ltr'><strong>unquam,</strong></span> <span class='ocrx_word' id='word_1_28' title='bbox 984 390 1022 419; x_wconf 92' lang='lat' dir='ltr'><strong>ut</strong></span> <span class='ocrx_word' id='word_1_29' title='bbox 1044 385 1322 431; x_wconf 78' lang='lat' dir='ltr'><strong>interpretaretur</strong></span> <span class='ocrx_word' id='word_1_30' title='bbox 1346 383 1503 419; x_wconf 72' lang='lat' dir='ltr'><strong>videlicet</strong></span> 
     </span>
     <span class='ocr_line' id='line_1_5' title="bbox 176 442 1503 489; baseline 0.001 -13"><span class='ocrx_word' id='word_1_31' title='bbox 176 442 360 489; x_wconf 80' lang='lat' dir='ltr'><strong>adscripsit</strong></span> <span class='ocrx_word' id='word_1_32' title='bbox 382 442 568 477; x_wconf 80' lang='lat' dir='ltr'><strong>nimirum?</strong></span> <span class='ocrx_word' id='word_1_33' title='bbox 600 443 648 477; x_wconf 89' lang='lat' dir='ltr'><strong>Et</strong></span> <span class='ocrx_word' id='word_1_34' title='bbox 671 455 776 489; x_wconf 87' lang='lat' dir='ltr'><strong>quam</strong></span> <span class='ocrx_word' id='word_1_35' title='bbox 792 444 975 479; x_wconf 87' lang='lat' dir='ltr'><strong>mirificum</strong></span> <span class='ocrx_word' id='word_1_36' title='bbox 999 445 1036 479; x_wconf 90' lang='lat' dir='ltr'><strong>in</strong></span> <span class='ocrx_word' id='word_1_37' title='bbox 1060 443 1199 479; x_wconf 86' lang='lat' dir='ltr'><strong>modum</strong></span> <span class='ocrx_word' id='word_1_38' title='bbox 1223 442 1369 478; x_wconf 84' lang='lat' dir='ltr'><strong>conflata</strong></span> <span class='ocrx_word' id='word_1_39' title='bbox 1392 442 1503 478; x_wconf 89' lang='lat' dir='ltr'><strong>forent</strong></span> 
     </span>
     <span class='ocr_line' id='line_1_6' title="bbox 176 501 1502 548; baseline 0 -12"><span class='ocrx_word' id='word_1_40' title='bbox 176 502 242 537; x_wconf 86' lang='lat' dir='ltr'><strong>ista</strong></span> <span class='ocrx_word' id='word_1_41' title='bbox 277 501 345 536; x_wconf 91' lang='lat' dir='ltr'><strong>duo</strong></span> <span class='ocrx_word' id='word_1_42' title='bbox 382 501 561 537; x_wconf 87' lang='lat' dir='ltr'><strong>vocabula!</strong></span> <span class='ocrx_word' id='word_1_43' title='bbox 603 502 692 537; x_wconf 89' lang='lat' dir='ltr'><strong>Tum</strong></span> <span class='ocrx_word' id='word_1_44' title='bbox 728 514 810 538; x_wconf 89' lang='lat' dir='ltr'><strong>vero</strong></span> <span class='ocrx_word' id='word_1_45' title='bbox 845 509 962 539; x_wconf 86' lang='lat' dir='ltr'><strong>manet</strong></span> <span class='ocrx_word' id='word_1_46' title='bbox 997 503 1181 539; x_wconf 87' lang='lat' dir='ltr'><strong>difficultas</strong></span> <span class='ocrx_word' id='word_1_47' title='bbox 1216 501 1380 546; x_wconf 78' lang='lat' dir='ltr'><strong>maxima,</strong></span> <span class='ocrx_word' id='word_1_48' title='bbox 1411 502 1502 548; x_wconf 91' lang='lat' dir='ltr'><strong>quod</strong></span> 
     </span>
     <span class='ocr_line' id='line_1_7' title="bbox 176 561 1501 612; baseline 0 -15"><span class='ocrx_word' id='word_1_49' title='bbox 176 568 286 598; x_wconf 86' lang='lat' dir='ltr'><strong>totum</strong></span> <span class='ocrx_word' id='word_1_50' title='bbox 327 561 412 597; x_wconf 90' lang='lat' dir='ltr'><strong>illud</strong></span> <span class='ocrx_word' id='word_1_51' title='bbox 451 562 667 598; x_wconf 82' lang='lat' dir='ltr'><strong>enuntiatum</strong></span> <span class='ocrx_word' id='word_1_52' title='bbox 702 575 813 610; x_wconf 90' lang='lat' dir='ltr'><strong>neque</strong></span> <span class='ocrx_word' id='word_1_53' title='bbox 849 576 928 600; x_wconf 85' lang='lat' dir='ltr'><strong>oum</strong></span> <span class='ocrx_word' id='word_1_54' title='bbox 968 563 1247 612; x_wconf 80' lang='lat' dir='ltr'><strong>praecedentibus</strong></span> <span class='ocrx_word' id='word_1_55' title='bbox 1289 561 1359 597; x_wconf 92' lang='lat' dir='ltr'><strong>ullo</strong></span> <span class='ocrx_word' id='word_1_56' title='bbox 1399 561 1501 597; x_wconf 92' lang='lat' dir='ltr'><strong>modo</strong></span> 
     </span>
     <span class='ocr_line' id='line_1_8' title="bbox 176 622 1502 670; baseline 0 -14"><span class='ocrx_word' id='word_1_57' title='bbox 176 622 336 657; x_wconf 83' lang='lat' dir='ltr'><strong>cohaeret</strong></span> <span class='ocrx_word' id='word_1_58' title='bbox 365 634 476 668; x_wconf 90' lang='lat' dir='ltr'><strong>neque</strong></span> <span class='ocrx_word' id='word_1_59' title='bbox 504 635 565 669; x_wconf 88' lang='lat' dir='ltr'><strong>per</strong></span> <span class='ocrx_word' id='word_1_60' title='bbox 594 635 630 658; x_wconf 91' lang='lat' dir='ltr'><strong>se</strong></span> <span class='ocrx_word' id='word_1_61' title='bbox 654 623 810 669; x_wconf 85' lang='lat' dir='ltr'><strong>intellegi</strong></span> <span class='ocrx_word' id='word_1_62' title='bbox 834 629 955 670; x_wconf 88' lang='lat' dir='ltr'><strong>potest.</strong></span> <span class='ocrx_word' id='word_1_63' title='bbox 987 623 1185 659; x_wconf 65' lang='lat' dir='ltr'><strong>⁴Similibus</strong></span> <span class='ocrx_word' id='word_1_64' title='bbox 1222 623 1412 658; x_wconf 89' lang='lat' dir='ltr'><strong>rationibus</strong></span> <span class='ocrx_word' id='word_1_65' title='bbox 1438 622 1502 657; x_wconf 92' lang='lat' dir='ltr'><strong>du-</strong></span> 
     </span>
     <span class='ocr_line' id='line_1_9' title="bbox 175 680 1502 730; baseline -0.001 -13"><span class='ocrx_word' id='word_1_66' title='bbox 175 686 249 717; x_wconf 86' lang='lat' dir='ltr'><strong>etus</strong></span> <span class='ocrx_word' id='word_1_67' title='bbox 273 687 376 727; x_wconf 83' lang='lat' dir='ltr'><strong>atque</strong></span> <span class='ocrx_word' id='word_1_68' title='bbox 391 681 627 727; x_wconf 87' lang='lat' dir='ltr'><strong>Kiesslingius</strong></span> <span class='ocrx_word' id='word_1_69' title='bbox 645 680 858 727; x_wconf 76' lang='lat' dir='ltr'><strong>sanderus1)</strong></span> <span class='ocrx_word' id='word_1_70' title='bbox 884 689 997 730; x_wconf 88' lang='lat' dir='ltr'><strong>spreto</strong></span> <span class='ocrx_word' id='word_1_71' title='bbox 1014 683 1176 718; x_wconf 82' lang='lat' dir='ltr'><strong>Bursiani</strong></span> <span class='ocrx_word' id='word_1_72' title='bbox 1200 684 1364 718; x_wconf 83' lang='lat' dir='ltr'><strong>nimirum</strong></span> <span class='ocrx_word' id='word_1_73' title='bbox 1386 686 1502 717; x_wconf 88' lang='lat' dir='ltr'><strong>censet</strong></span> 
     </span>
     <span class='ocr_line' id='line_1_10' title="bbox 173 740 1501 790; baseline 0.002 -15"><span class='ocrx_word' id='word_1_74' title='bbox 173 754 195 775; x_wconf 89' lang='lat' dir='ltr'><strong>a</strong></span> <span class='ocrx_word' id='word_1_75' title='bbox 216 755 401 788; x_wconf 81' lang='lat' dir='ltr'><strong><em>numquam</em></strong></span> <span class='ocrx_word' id='word_1_76' title='bbox 424 741 590 777; x_wconf 88' lang='lat' dir='ltr'><strong>vocabulo</strong></span> <span class='ocrx_word' id='word_1_77' title='bbox 615 740 720 776; x_wconf 85' lang='lat' dir='ltr'><strong>alium</strong></span> <span class='ocrx_word' id='word_1_78' title='bbox 745 742 917 779; x_wconf 85' lang='lat' dir='ltr'><strong>rhetorem</strong></span> <span class='ocrx_word' id='word_1_79' title='bbox 947 743 1115 790; x_wconf 82' lang='lat' dir='ltr'><strong>incepisse</strong></span> <span class='ocrx_word' id='word_1_80' title='bbox 1144 747 1178 777; x_wconf 88' lang='lat' dir='ltr'><strong>et</strong></span> <span class='ocrx_word' id='word_1_81' title='bbox 1209 754 1269 789; x_wconf 92' lang='lat' dir='ltr'><strong>pro</strong></span> <span class='ocrx_word' id='word_1_82' title='bbox 1301 742 1501 777; x_wconf 81' lang='lat' dir='ltr'><strong>vidimirum</strong></span> 
     </span>
     <span class='ocr_line' id='line_1_11' title="bbox 177 800 1502 850; baseline -0.001 -14"><span class='ocrx_word' id='word_1_83' title='bbox 177 800 298 836; x_wconf 84' lang='lat' dir='ltr'><strong>scribit</strong></span> <span class='ocrx_word' id='word_1_84' title='bbox 323 820 366 825; x_wconf 70' lang='lat'><strong>—-</strong></span> <span class='ocrx_word' id='word_1_85' title='bbox 392 801 470 836; x_wconf 83' lang='lat' dir='ltr'><strong>Vibi</strong></span> <span class='ocrx_word' id='word_1_86' title='bbox 490 802 588 849; x_wconf 83' lang='lat' dir='ltr'><strong>Rufi,</strong></span> <span class='ocrx_word' id='word_1_87' title='bbox 614 801 706 848; x_wconf 90' lang='lat' dir='ltr'><strong>quod</strong></span> <span class='ocrx_word' id='word_1_88' title='bbox 735 802 765 836; x_wconf 90' lang='lat' dir='ltr'><strong>si</strong></span> <span class='ocrx_word' id='word_1_89' title='bbox 789 802 844 837; x_wconf 88' lang='lat' dir='ltr'><strong>cui</strong></span> <span class='ocrx_word' id='word_1_90' title='bbox 868 802 1051 850; x_wconf 83' lang='lat' dir='ltr'><strong>placuerit,</strong></span> <span class='ocrx_word' id='word_1_91' title='bbox 1076 802 1201 837; x_wconf 87' lang='lat' dir='ltr'><strong>habeat</strong></span> <span class='ocrx_word' id='word_1_92' title='bbox 1225 802 1300 837; x_wconf 87' lang='lat' dir='ltr'><strong>sibi.</strong></span> <span class='ocrx_word' id='word_1_93' title='bbox 1349 801 1438 848; x_wconf 87' lang='lat' dir='ltr'><strong>Ego,</strong></span> <span class='ocrx_word' id='word_1_94' title='bbox 1463 806 1502 835; x_wconf 90' lang='lat' dir='ltr'><strong>ut</strong></span> 
     </span>
     <span class='ocr_line' id='line_1_12' title="bbox 174 860 1501 908; baseline 0.001 -13"><span class='ocrx_word' id='word_1_95' title='bbox 174 860 311 895; x_wconf 87' lang='lat' dir='ltr'><strong>tandem</strong></span> <span class='ocrx_word' id='word_1_96' title='bbox 347 860 430 906; x_wconf 88' lang='lat' dir='ltr'><strong>quid</strong></span> <span class='ocrx_word' id='word_1_97' title='bbox 465 861 540 907; x_wconf 93' lang='lat' dir='ltr'><strong>ipse</strong></span> <span class='ocrx_word' id='word_1_98' title='bbox 577 861 723 896; x_wconf 83' lang='lat' dir='ltr'><strong>sentiam</strong></span> <span class='ocrx_word' id='word_1_99' title='bbox 754 861 917 908; x_wconf 83' lang='lat' dir='ltr'><strong>aperiam,</strong></span> <span class='ocrx_word' id='word_1_100' title='bbox 947 862 1036 897; x_wconf 88' lang='lat' dir='ltr'><strong>nihil</strong></span> <span class='ocrx_word' id='word_1_101' title='bbox 1067 862 1214 897; x_wconf 88' lang='lat' dir='ltr'><strong>arbitror</strong></span> <span class='ocrx_word' id='word_1_102' title='bbox 1237 874 1323 907; x_wconf 77' lang='lat' dir='ltr'><strong>esse,</strong></span> <span class='ocrx_word' id='word_1_103' title='bbox 1349 874 1409 897; x_wconf 86' lang='lat' dir='ltr'><strong>cur</strong></span> <span class='ocrx_word' id='word_1_104' title='bbox 1432 874 1501 896; x_wconf 90' lang='lat' dir='ltr'><strong>non</strong></span> 
     </span>
     <span class='ocr_line' id='line_1_13' title="bbox 173 920 1500 967; baseline 0.001 -13"><span class='ocrx_word' id='word_1_105' title='bbox 173 931 401 964; x_wconf 76' lang='lat' dir='ltr'><strong>agnoscamus</strong></span> <span class='ocrx_word' id='word_1_106' title='bbox 437 920 644 955; x_wconf 88' lang='lat' dir='ltr'><strong>vocabulum</strong></span> <span class='ocrx_word' id='word_1_107' title='bbox 674 923 839 956; x_wconf 73' lang='lat' dir='ltr'><strong>nimirum</strong></span> <span class='ocrx_word' id='word_1_108' title='bbox 870 922 1001 956; x_wconf 89' lang='lat' dir='ltr'><strong>nemini</strong></span> <span class='ocrx_word' id='word_1_109' title='bbox 1025 922 1192 967; x_wconf 83' lang='lat' dir='ltr'><strong>ignotum,</strong></span> <span class='ocrx_word' id='word_1_110' title='bbox 1217 921 1260 955; x_wconf 89' lang='lat' dir='ltr'><strong>ad</strong></span> <span class='ocrx_word' id='word_1_111' title='bbox 1284 920 1377 966; x_wconf 89' lang='lat' dir='ltr'><strong>quod</strong></span> <span class='ocrx_word' id='word_1_112' title='bbox 1401 921 1500 966; x_wconf 82' lang='lat' dir='ltr'><strong>quasi</strong></span> 
     </span>
     <span class='ocr_line' id='line_1_14' title="bbox 177 978 1501 1027; baseline 0.001 -13"><span class='ocrx_word' id='word_1_113' title='bbox 177 979 271 1015; x_wconf 90' lang='lat' dir='ltr'><strong>ducit</strong></span> <span class='ocrx_word' id='word_1_114' title='bbox 294 991 357 1014; x_wconf 89' lang='lat' dir='ltr'><strong>nos</strong></span> <span class='ocrx_word' id='word_1_115' title='bbox 382 978 540 1015; x_wconf 88' lang='lat' dir='ltr'><strong>codicum</strong></span> <span class='ocrx_word' id='word_1_116' title='bbox 565 979 745 1027; x_wconf 88' lang='lat' dir='ltr'><strong>scriptura,</strong></span> <span class='ocrx_word' id='word_1_117' title='bbox 762 992 964 1027; x_wconf 88' lang='lat' dir='ltr'><strong>persuasum</strong></span> <span class='ocrx_word' id='word_1_118' title='bbox 989 985 1102 1015; x_wconf 87' lang='lat' dir='ltr'><strong>autem</strong></span> <span class='ocrx_word' id='word_1_119' title='bbox 1127 979 1237 1015; x_wconf 89' lang='lat' dir='ltr'><strong>habeo</strong></span> <span class='ocrx_word' id='word_1_120' title='bbox 1253 985 1286 1015; x_wconf 90' lang='lat' dir='ltr'><strong>et</strong></span> <span class='ocrx_word' id='word_1_121' title='bbox 1301 979 1501 1015; x_wconf 80' lang='lat' dir='ltr'><strong>vidimirum</strong></span> 
     </span>
     <span class='ocr_line' id='line_1_15' title="bbox 173 1039 1500 1085; baseline 0 -12"><span class='ocrx_word' id='word_1_122' title='bbox 173 1039 262 1073; x_wconf 90' lang='lat' dir='ltr'><strong>nihil</strong></span> <span class='ocrx_word' id='word_1_123' title='bbox 276 1039 370 1073; x_wconf 89' lang='lat' dir='ltr'><strong>aliud</strong></span> <span class='ocrx_word' id='word_1_124' title='bbox 386 1051 461 1073; x_wconf 88' lang='lat' dir='ltr'><strong>esse</strong></span> <span class='ocrx_word' id='word_1_125' title='bbox 477 1039 543 1073; x_wconf 89' lang='lat' dir='ltr'><strong>nisi</strong></span> <span class='ocrx_word' id='word_1_126' title='bbox 559 1039 636 1074; x_wconf 75' lang='lat' dir='ltr'><strong>vidi</strong></span> <span class='ocrx_word' id='word_1_127' title='bbox 646 1039 833 1084; x_wconf 56' lang='lat' dir='ltr'><strong>(nzjmirum</strong></span> <span class='ocrx_word' id='word_1_128' title='bbox 848 1045 882 1074; x_wconf 87' lang='lat' dir='ltr'><strong>et</strong></span> <span class='ocrx_word' id='word_1_129' title='bbox 898 1040 1063 1075; x_wconf 89' lang='lat' dir='ltr'><strong>maiorem</strong></span> <span class='ocrx_word' id='word_1_130' title='bbox 1080 1052 1184 1085; x_wconf 90' lang='lat' dir='ltr'><strong>quam</strong></span> <span class='ocrx_word' id='word_1_131' title='bbox 1201 1039 1305 1084; x_wconf 83' lang='lat' dir='ltr'><strong>vulgo</strong></span> <span class='ocrx_word' id='word_1_132' title='bbox 1321 1044 1500 1074; x_wconf 84' lang='lat' dir='ltr'><strong>autument</strong></span> 
     </span>
     <span class='ocr_line' id='line_1_16' title="bbox 172 1098 1501 1145; baseline -0.001 -12"><span class='ocrx_word' id='word_1_133' title='bbox 172 1111 247 1134; x_wconf 87' lang='lat' dir='ltr'><strong>esse</strong></span> <span class='ocrx_word' id='word_1_134' title='bbox 259 1098 422 1134; x_wconf 90' lang='lat' dir='ltr'><strong>orationis</strong></span> <span class='ocrx_word' id='word_1_135' title='bbox 440 1098 619 1142; x_wconf 85' lang='lat' dir='ltr'><strong>defectum,</strong></span> <span class='ocrx_word' id='word_1_136' title='bbox 637 1098 851 1134; x_wconf 85' lang='lat' dir='ltr'><strong>intercidisse</strong></span> <span class='ocrx_word' id='word_1_137' title='bbox 869 1099 973 1134; x_wconf 89' lang='lat' dir='ltr'><strong>verba</strong></span> <span class='ocrx_word' id='word_1_138' title='bbox 989 1099 1157 1145; x_wconf 85' lang='lat' dir='ltr'><strong>quaedam</strong></span> <span class='ocrx_word' id='word_1_139' title='bbox 1173 1111 1260 1145; x_wconf 86' lang='lat' dir='ltr'><strong>quae</strong></span> <span class='ocrx_word' id='word_1_140' title='bbox 1273 1099 1501 1133; x_wconf 86' lang='lat' dir='ltr'><strong>terminentur</strong></span> 
     </span>
     <span class='ocr_line' id='line_1_17' title="bbox 175 1158 1500 1206; baseline -0.001 -12"><span class='ocrx_word' id='word_1_141' title='bbox 175 1158 343 1194; x_wconf 84' lang='lat' dir='ltr'><strong>vocabulo</strong></span> <span class='ocrx_word' id='word_1_142' title='bbox 368 1158 446 1194; x_wconf 86' lang='lat' dir='ltr'><strong>vidi</strong></span> <span class='ocrx_word' id='word_1_143' title='bbox 467 1164 500 1193; x_wconf 90' lang='lat' dir='ltr'><strong>et</strong></span> <span class='ocrx_word' id='word_1_144' title='bbox 523 1158 567 1193; x_wconf 86' lang='lat' dir='ltr'><strong>ad</strong></span> <span class='ocrx_word' id='word_1_145' title='bbox 592 1170 679 1205; x_wconf 88' lang='lat' dir='ltr'><strong>quae</strong></span> <span class='ocrx_word' id='word_1_146' title='bbox 707 1158 826 1194; x_wconf 90' lang='lat' dir='ltr'><strong>referri</strong></span> <span class='ocrx_word' id='word_1_147' title='bbox 854 1158 963 1206; x_wconf 90' lang='lat' dir='ltr'><strong>possit</strong></span> <span class='ocrx_word' id='word_1_148' title='bbox 991 1158 1078 1194; x_wconf 88' lang='lat' dir='ltr'><strong>illud</strong></span> <span class='ocrx_word' id='word_1_149' title='bbox 1107 1159 1339 1200; x_wconf 77' lang='lat' dir='ltr'><strong>enuntiatum,</strong></span> <span class='ocrx_word' id='word_1_150' title='bbox 1365 1158 1456 1205; x_wconf 91' lang='lat' dir='ltr'><strong>quod</strong></span> <span class='ocrx_word' id='word_1_151' title='bbox 1479 1171 1500 1193; x_wconf 91' lang='lat' dir='ltr'><strong>a</strong></span> 
     </span>
     <span class='ocr_line' id='line_1_18' title="bbox 171 1217 1498 1265; baseline -0.001 -12"><span class='ocrx_word' id='word_1_152' title='bbox 171 1219 340 1265; x_wconf 83' lang='lat' dir='ltr'><strong>particula</strong></span> <span class='ocrx_word' id='word_1_153' title='bbox 367 1221 531 1254; x_wconf 76' lang='lat' dir='ltr'><strong>nimirum</strong></span> <span class='ocrx_word' id='word_1_154' title='bbox 565 1218 701 1253; x_wconf 90' lang='lat' dir='ltr'><strong>initium</strong></span> <span class='ocrx_word' id='word_1_155' title='bbox 726 1219 826 1265; x_wconf 88' lang='lat' dir='ltr'><strong>capit.</strong></span> <span class='ocrx_word' id='word_1_156' title='bbox 874 1217 974 1262; x_wconf 80' lang='lat' dir='ltr'><strong>Quae</strong></span> <span class='ocrx_word' id='word_1_157' title='bbox 998 1219 1103 1254; x_wconf 85' lang='lat' dir='ltr'><strong>verba</strong></span> <span class='ocrx_word' id='word_1_158' title='bbox 1127 1219 1243 1264; x_wconf 85' lang='lat' dir='ltr'><strong>qualia</strong></span> <span class='ocrx_word' id='word_1_159' title='bbox 1265 1219 1391 1254; x_wconf 86' lang='lat' dir='ltr'><strong>fuerint</strong></span> <span class='ocrx_word' id='word_1_160' title='bbox 1415 1218 1498 1253; x_wconf 87' lang='lat' dir='ltr'><strong>satis</strong></span> 
     </span>
     <span class='ocr_line' id='line_1_19' title="bbox 171 1277 1496 1326; baseline 0 -13"><span class='ocrx_word' id='word_1_161' title='bbox 171 1278 395 1325; x_wconf 80' lang='lat' dir='ltr'><strong>probabiliter</strong></span> <span class='ocrx_word' id='word_1_162' title='bbox 424 1277 510 1313; x_wconf 92' lang='lat' dir='ltr'><strong>mihi</strong></span> <span class='ocrx_word' id='word_1_163' title='bbox 542 1277 659 1313; x_wconf 90' lang='lat' dir='ltr'><strong>videor</strong></span> <span class='ocrx_word' id='word_1_164' title='bbox 683 1278 919 1325; x_wconf 84' lang='lat' dir='ltr'><strong>investigasse.</strong></span> <span class='ocrx_word' id='word_1_165' title='bbox 969 1277 1199 1314; x_wconf 87' lang='lat' dir='ltr'><strong>Scribendum</strong></span> <span class='ocrx_word' id='word_1_166' title='bbox 1224 1290 1391 1326; x_wconf 88' lang='lat' dir='ltr'><strong>propono:</strong></span> <span class='ocrx_word' id='word_1_167' title='bbox 1429 1279 1496 1313; x_wconf 90' lang='lat' dir='ltr'><strong>Fa-</strong></span> 
     </span>
     <span class='ocr_line' id='line_1_20' title="bbox 170 1339 1498 1387; baseline 0 -14"><span class='ocrx_word' id='word_1_168' title='bbox 170 1340 271 1373; x_wconf 76' lang='lat' dir='ltr'><strong>cilius</strong></span> <span class='ocrx_word' id='word_1_169' title='bbox 295 1346 352 1382; x_wconf 70' lang='lat' dir='ltr'><strong>eet,</strong></span> <span class='ocrx_word' id='word_1_170' title='bbox 377 1346 414 1373; x_wconf 73' lang='lat' dir='ltr'><strong>ut</strong></span> <span class='ocrx_word' id='word_1_171' title='bbox 438 1341 500 1385; x_wconf 81' lang='lat' dir='ltr'><strong>qui</strong></span> <span class='ocrx_word' id='word_1_172' title='bbox 519 1340 592 1374; x_wconf 83' lang='lat' dir='ltr'><strong>alia</strong></span> <span class='ocrx_word' id='word_1_173' title='bbox 607 1340 781 1374; x_wconf 76' lang='lat' dir='ltr'><strong>meretrici</strong></span> <span class='ocrx_word' id='word_1_174' title='bbox 802 1339 934 1374; x_wconf 74' lang='lat' dir='ltr'><strong>dederit</strong></span> <span class='ocrx_word' id='word_1_175' title='bbox 958 1339 1180 1375; x_wconf 75' lang='lat' dir='ltr'><strong>homicidium</strong></span> <span class='ocrx_word' id='word_1_176' title='bbox 1202 1346 1310 1387; x_wconf 75' lang='lat' dir='ltr'><strong>neyet,</strong></span> <span class='ocrx_word' id='word_1_177' title='bbox 1336 1352 1437 1385; x_wconf 87' lang='lat' dir='ltr'><strong>quam</strong></span> <span class='ocrx_word' id='word_1_178' title='bbox 1461 1345 1498 1374; x_wconf 76' lang='lat' dir='ltr'><strong>ut</strong></span> 
     </span>
     <span class='ocr_line' id='line_1_21' title="bbox 170 1398 1496 1448; baseline 0 -15"><span class='ocrx_word' id='word_1_179' title='bbox 170 1399 234 1445; x_wconf 86' lang='lat' dir='ltr'><strong>qui</strong></span> <span class='ocrx_word' id='word_1_180' title='bbox 254 1399 316 1434; x_wconf 81' lang='lat' dir='ltr'><strong>hoc</strong></span> <span class='ocrx_word' id='word_1_181' title='bbox 340 1412 470 1446; x_wconf 86' lang='lat' dir='ltr'><strong>quoque</strong></span> <span class='ocrx_word' id='word_1_182' title='bbox 492 1399 624 1434; x_wconf 67' lang='lat' dir='ltr'><strong>dederit</strong></span> <span class='ocrx_word' id='word_1_183' title='bbox 641 1401 821 1446; x_wconf 87' lang='lat' dir='ltr'><strong>quicquam</strong></span> <span class='ocrx_word' id='word_1_184' title='bbox 837 1398 1026 1448; x_wconf 75' lang='lat' dir='ltr'><strong>(neyarit.</strong></span> <span class='ocrx_word' id='word_1_185' title='bbox 1058 1400 1310 1442; x_wconf 84' lang='lat' dir='ltr'><strong>‘Hominem’,</strong></span> <span class='ocrx_word' id='word_1_186' title='bbox 1341 1401 1496 1445; x_wconf 78' lang='lat' dir='ltr'><strong>inquit,</strong></span> 
     </span>
     <span class='ocr_line' id='line_1_22' title="bbox 171 1458 1497 1507; baseline 0 -14"><span class='ocrx_word' id='word_1_187' title='bbox 171 1458 324 1494; x_wconf 83' lang='lat' dir='ltr'><strong>‘occidi&#39;</strong></span> <span class='ocrx_word' id='word_1_188' title='bbox 349 1460 578 1506; x_wconf 80' lang='lat' dir='ltr'><strong>numquam)</strong></span> <span class='ocrx_word' id='word_1_189' title='bbox 603 1459 719 1495; x_wconf 77' lang='lat' dir='ltr'><strong>vidi’.</strong></span> <span class='ocrx_word' id='word_1_190' title='bbox 755 1462 948 1496; x_wconf 81' lang='lat' dir='ltr'><strong>nimirum</strong></span> <span class='ocrx_word' id='word_1_191' title='bbox 976 1473 1160 1507; x_wconf 80' lang='lat' dir='ltr'><strong>numquam</strong></span> <span class='ocrx_word' id='word_1_192' title='bbox 1194 1458 1286 1494; x_wconf 53' lang='lat' dir='ltr'><strong>istud</strong></span> <span class='ocrx_word' id='word_1_193' title='bbox 1318 1459 1497 1494; x_wconf 81' lang='lat' dir='ltr'><strong>mulierum</strong></span> 
     </span>
     <span class='ocr_line' id='line_1_23' title="bbox 170 1518 1495 1568; baseline -0.001 -15"><span class='ocrx_word' id='word_1_194' title='bbox 170 1519 276 1553; x_wconf 83' lang='lat' dir='ltr'><strong>oculis</strong></span> <span class='ocrx_word' id='word_1_195' title='bbox 305 1518 439 1554; x_wconf 75' lang='lat' dir='ltr'><strong>ostendi</strong></span> <span class='ocrx_word' id='word_1_196' title='bbox 462 1519 555 1562; x_wconf 81' lang='lat' dir='ltr'><strong>solet,</strong></span> <span class='ocrx_word' id='word_1_197' title='bbox 586 1526 645 1554; x_wconf 74' lang='lat' dir='ltr'><strong>auc</strong></span> <span class='ocrx_word' id='word_1_198' title='bbox 677 1520 743 1555; x_wconf 78' lang='lat' dir='ltr'><strong>ista</strong></span> <span class='ocrx_word' id='word_1_199' title='bbox 774 1521 845 1554; x_wconf 88' lang='lat' dir='ltr'><strong>iam</strong></span> <span class='ocrx_word' id='word_1_200' title='bbox 877 1533 977 1568; x_wconf 76' lang='lat' dir='ltr'><strong>saepe</strong></span> <span class='ocrx_word' id='word_1_201' title='bbox 1000 1519 1149 1555; x_wconf 72' lang='lat' dir='ltr'><strong>vidisset.</strong></span> <span class='ocrx_word' id='word_1_202' title='bbox 1198 1518 1278 1553; x_wconf 88' lang='lat' dir='ltr'><strong>Non</strong></span> <span class='ocrx_word' id='word_1_203' title='bbox 1304 1525 1384 1566; x_wconf 87' lang='lat' dir='ltr'><strong>puto</strong></span> <span class='ocrx_word' id='word_1_204' title='bbox 1410 1530 1495 1566; x_wconf 89' lang='lat' dir='ltr'><strong>opus</strong></span> 
     </span>
     <span class='ocr_line' id='line_1_24' title="bbox 169 1578 1492 1619; baseline 0.001 -6"><span class='ocrx_word' id='word_1_205' title='bbox 169 1590 244 1613; x_wconf 91' lang='lat' dir='ltr'><strong>esse</strong></span> <span class='ocrx_word' id='word_1_206' title='bbox 272 1578 384 1614; x_wconf 87' lang='lat' dir='ltr'><strong>fusius</strong></span> <span class='ocrx_word' id='word_1_207' title='bbox 414 1578 648 1615; x_wconf 89' lang='lat' dir='ltr'><strong>demonstrare</strong></span> <span class='ocrx_word' id='word_1_208' title='bbox 674 1579 738 1614; x_wconf 88' lang='lat' dir='ltr'><strong>hac</strong></span> <span class='ocrx_word' id='word_1_209' title='bbox 762 1579 899 1615; x_wconf 89' lang='lat' dir='ltr'><strong>demum</strong></span> <span class='ocrx_word' id='word_1_210' title='bbox 931 1579 1062 1615; x_wconf 89' lang='lat' dir='ltr'><strong>ratione</strong></span> <span class='ocrx_word' id='word_1_211' title='bbox 1091 1579 1222 1619; x_wconf 85' lang='lat' dir='ltr'><strong>iustum</strong></span> <span class='ocrx_word' id='word_1_212' title='bbox 1245 1578 1334 1614; x_wconf 88' lang='lat' dir='ltr'><strong>effici</strong></span> <span class='ocrx_word' id='word_1_213' title='bbox 1359 1584 1492 1614; x_wconf 88' lang='lat' dir='ltr'><strong>senten-</strong></span> 
     </span>
     <span class='ocr_line' id='line_1_25' title="bbox 168 1638 1495 1687; baseline 0.002 -14"><span class='ocrx_word' id='word_1_214' title='bbox 168 1638 295 1674; x_wconf 86' lang='lat' dir='ltr'><strong>tiarum</strong></span> <span class='ocrx_word' id='word_1_215' title='bbox 330 1651 562 1686; x_wconf 88' lang='lat' dir='ltr'><strong>progressum,</strong></span> <span class='ocrx_word' id='word_1_216' title='bbox 600 1639 698 1687; x_wconf 89' lang='lat' dir='ltr'><strong>plene</strong></span> <span class='ocrx_word' id='word_1_217' title='bbox 728 1640 887 1675; x_wconf 86' lang='lat' dir='ltr'><strong>satisfieri</strong></span> <span class='ocrx_word' id='word_1_218' title='bbox 917 1640 1073 1675; x_wconf 89' lang='lat' dir='ltr'><strong>codicum</strong></span> <span class='ocrx_word' id='word_1_219' title='bbox 1102 1639 1308 1683; x_wconf 87' lang='lat' dir='ltr'><strong>testimonio,</strong></span> <span class='ocrx_word' id='word_1_220' title='bbox 1333 1652 1495 1687; x_wconf 82' lang='lat' dir='ltr'><strong>apparere</strong></span> 
     </span>
     <span class='ocr_line' id='line_1_26' title="bbox 168 1699 1494 1745; baseline 0 -12"><span class='ocrx_word' id='word_1_221' title='bbox 168 1710 307 1734; x_wconf 87' lang='lat' dir='ltr'><strong>causam</strong></span> <span class='ocrx_word' id='word_1_222' title='bbox 333 1711 401 1745; x_wconf 89' lang='lat' dir='ltr'><strong>qua</strong></span> <span class='ocrx_word' id='word_1_223' title='bbox 424 1699 553 1735; x_wconf 86' lang='lat' dir='ltr'><strong>factum</strong></span> <span class='ocrx_word' id='word_1_224' title='bbox 586 1700 641 1743; x_wconf 80' lang='lat' dir='ltr'><strong>sit,</strong></span> <span class='ocrx_word' id='word_1_225' title='bbox 680 1705 718 1734; x_wconf 88' lang='lat' dir='ltr'><strong>ut</strong></span> <span class='ocrx_word' id='word_1_226' title='bbox 747 1700 914 1735; x_wconf 88' lang='lat' dir='ltr'><strong>nonnulla</strong></span> <span class='ocrx_word' id='word_1_227' title='bbox 937 1699 1125 1734; x_wconf 88' lang='lat' dir='ltr'><strong>transiliret</strong></span> <span class='ocrx_word' id='word_1_228' title='bbox 1148 1699 1298 1735; x_wconf 84' lang='lat' dir='ltr'><strong>oscitans</strong></span> <span class='ocrx_word' id='word_1_229' title='bbox 1323 1699 1494 1735; x_wconf 87' lang='lat' dir='ltr'><strong>librarius.</strong></span> 
     </span>
     <span class='ocr_line' id='line_1_27' title="bbox 167 1757 1494 1805; baseline 0.002 -13"><span class='ocrx_word' id='word_1_230' title='bbox 167 1757 247 1793; x_wconf 90' lang='lat' dir='ltr'><strong>Hoc</strong></span> <span class='ocrx_word' id='word_1_231' title='bbox 264 1771 371 1793; x_wconf 91' lang='lat' dir='ltr'><strong>unum</strong></span> <span class='ocrx_word' id='word_1_232' title='bbox 387 1758 498 1794; x_wconf 84' lang='lat' dir='ltr'><strong>facere</strong></span> <span class='ocrx_word' id='word_1_233' title='bbox 514 1772 584 1794; x_wconf 89' lang='lat' dir='ltr'><strong>non</strong></span> <span class='ocrx_word' id='word_1_234' title='bbox 601 1771 742 1805; x_wconf 88' lang='lat' dir='ltr'><strong>possum</strong></span> <span class='ocrx_word' id='word_1_235' title='bbox 759 1760 843 1805; x_wconf 90' lang='lat' dir='ltr'><strong>quin</strong></span> <span class='ocrx_word' id='word_1_236' title='bbox 860 1759 995 1804; x_wconf 86' lang='lat' dir='ltr'><strong>addam,</strong></span> <span class='ocrx_word' id='word_1_237' title='bbox 1014 1759 1190 1793; x_wconf 90' lang='lat' dir='ltr'><strong>simillimo</strong></span> <span class='ocrx_word' id='word_1_238' title='bbox 1215 1759 1316 1794; x_wconf 91' lang='lat' dir='ltr'><strong>modo</strong></span> <span class='ocrx_word' id='word_1_239' title='bbox 1339 1759 1494 1794; x_wconf 81' lang='lat' dir='ltr'><strong>locutum</strong></span> 
     </span>
     <span class='ocr_line' id='line_1_28' title="bbox 166 1817 1495 1867; baseline 0.001 -14"><span class='ocrx_word' id='word_1_240' title='bbox 166 1830 242 1853; x_wconf 89' lang='lat' dir='ltr'><strong>esse</strong></span> <span class='ocrx_word' id='word_1_241' title='bbox 258 1817 423 1854; x_wconf 86' lang='lat' dir='ltr'><strong>Fulvium</strong></span> <span class='ocrx_word' id='word_1_242' title='bbox 439 1817 607 1867; x_wconf 87' lang='lat' dir='ltr'><strong>Sparsum</strong></span> <span class='ocrx_word' id='word_1_243' title='bbox 631 1832 663 1866; x_wconf 92' lang='lat' dir='ltr'><strong>p.</strong></span> <span class='ocrx_word' id='word_1_244' title='bbox 677 1819 781 1863; x_wconf 81' lang='lat'>402‚6</span> <span class='ocrx_word' id='word_1_245' title='bbox 812 1818 1012 1855; x_wconf 76' lang='lat' dir='ltr'><strong>‘Hominem’</strong></span> <span class='ocrx_word' id='word_1_246' title='bbox 1037 1821 1148 1865; x_wconf 74' lang='lat' dir='ltr'><strong>inquit</strong></span> <span class='ocrx_word' id='word_1_247' title='bbox 1174 1818 1299 1854; x_wconf 86' lang='lat' dir='ltr'><strong>‘occidi</strong></span> <span class='ocrx_word' id='word_1_248' title='bbox 1311 1833 1495 1866; x_wconf 75' lang='lat' dir='ltr'><strong>numquam</strong></span> 
     </span>
     <span class='ocr_line' id='line_1_29' title="bbox 167 1878 1494 1927; baseline 0 -14"><span class='ocrx_word' id='word_1_249' title='bbox 167 1879 261 1914; x_wconf 68' lang='lat' dir='ltr'><strong>vidi!</strong></span> <span class='ocrx_word' id='word_1_250' title='bbox 288 1880 422 1926; x_wconf 80' lang='lat' dir='ltr'><strong>alioqui</strong></span> <span class='ocrx_word' id='word_1_251' title='bbox 443 1880 641 1915; x_wconf 84' lang='lat' dir='ltr'><strong>Flaminino</strong></span> <span class='ocrx_word' id='word_1_252' title='bbox 663 1887 828 1927; x_wconf 79' lang='lat' dir='ltr'><strong>praetore</strong></span> <span class='ocrx_word' id='word_1_253' title='bbox 858 1881 973 1915; x_wconf 86' lang='lat' dir='ltr'><strong>omnia</strong></span> <span class='ocrx_word' id='word_1_254' title='bbox 997 1880 1069 1915; x_wconf 89' lang='lat' dir='ltr'><strong>alia</strong></span> <span class='ocrx_word' id='word_1_255' title='bbox 1092 1879 1235 1914; x_wconf 70' lang='lat' dir='ltr'><strong>vidisti?</strong></span> <span class='ocrx_word' id='word_1_256' title='bbox 1271 1878 1433 1914; x_wconf 85' lang='lat' dir='ltr'><strong>Ceterum</strong></span> <span class='ocrx_word' id='word_1_257' title='bbox 1457 1884 1494 1914; x_wconf 89' lang='lat' dir='ltr'><strong>ut</strong></span> 
     </span>
     <span class='ocr_line' id='line_1_30' title="bbox 166 1931 1494 1987; baseline 0.001 -14"><span class='ocrx_word' id='word_1_258' title='bbox 166 1938 253 1973; x_wconf 90' lang='lat' dir='ltr'><strong>illud</strong></span> <span class='ocrx_word' id='word_1_259' title='bbox 290 1939 567 1987; x_wconf 89' lang='lat' dir='ltr'><strong>supplementum</strong></span> <span class='ocrx_word' id='word_1_260' title='bbox 603 1939 638 1974; x_wconf 89' lang='lat' dir='ltr'><strong>in</strong></span> <span class='ocrx_word' id='word_1_261' title='bbox 677 1939 878 1974; x_wconf 88' lang='lat' dir='ltr'><strong>universum</strong></span> <span class='ocrx_word' id='word_1_262' title='bbox 908 1931 991 1974; x_wconf 83' lang='lat' dir='ltr'><strong>satis</strong></span> <span class='ocrx_word' id='word_1_263' title='bbox 1021 1943 1153 1974; x_wconf 88' lang='lat' dir='ltr'><strong>certum</strong></span> <span class='ocrx_word' id='word_1_264' title='bbox 1183 1937 1280 1982; x_wconf 82' lang='lat' dir='ltr'><strong>duco,</strong></span> <span class='ocrx_word' id='word_1_265' title='bbox 1314 1938 1362 1973; x_wconf 89' lang='lat' dir='ltr'><strong>ita</strong></span> <span class='ocrx_word' id='word_1_266' title='bbox 1385 1939 1494 1987; x_wconf 86' lang='lat' dir='ltr'><strong>possit</strong></span> 
     </span>
     <span class='ocr_line' id='line_1_31' title="bbox 166 1997 1492 2047; baseline 0.002 -14"><span class='ocrx_word' id='word_1_267' title='bbox 166 1998 338 2046; x_wconf 88' lang='lat' dir='ltr'><strong>quispiam</strong></span> <span class='ocrx_word' id='word_1_268' title='bbox 362 1999 528 2044; x_wconf 83' lang='lat' dir='ltr'><strong>dubitare,</strong></span> <span class='ocrx_word' id='word_1_269' title='bbox 545 2013 588 2035; x_wconf 87' lang='lat' dir='ltr'><strong>an</strong></span> <span class='ocrx_word' id='word_1_270' title='bbox 605 2000 765 2047; x_wconf 87' lang='lat' dir='ltr'><strong>pauciora</strong></span> <span class='ocrx_word' id='word_1_271' title='bbox 782 2000 886 2035; x_wconf 88' lang='lat' dir='ltr'><strong>verba</strong></span> <span class='ocrx_word' id='word_1_272' title='bbox 911 1998 1083 2034; x_wconf 87' lang='lat' dir='ltr'><strong>sufficiant</strong></span> <span class='ocrx_word' id='word_1_273' title='bbox 1107 1997 1392 2045; x_wconf 88' lang='lat' dir='ltr'><strong>scribendumque</strong></span> <span class='ocrx_word' id='word_1_274' title='bbox 1417 2005 1492 2035; x_wconf 83' lang='lat' dir='ltr'><strong>tan-</strong></span> 
     </span>
     <span class='ocr_line' id='line_1_32' title="bbox 167 2058 1493 2105; baseline 0.002 -13"><span class='ocrx_word' id='word_1_275' title='bbox 167 2058 343 2093; x_wconf 88' lang='lat' dir='ltr'><strong>tummodo</strong></span> <span class='ocrx_word' id='word_1_276' title='bbox 373 2059 418 2094; x_wconf 87' lang='lat' dir='ltr'><strong>sit</strong></span> <span class='ocrx_word' id='word_1_277' title='bbox 450 2065 488 2093; x_wconf 90' lang='lat' dir='ltr'><strong>ut</strong></span> <span class='ocrx_word' id='word_1_278' title='bbox 517 2059 558 2094; x_wconf 88' lang='lat' dir='ltr'><strong>de</strong></span> <span class='ocrx_word' id='word_1_279' title='bbox 586 2072 623 2095; x_wconf 90' lang='lat' dir='ltr'><strong>re</strong></span> <span class='ocrx_word' id='word_1_280' title='bbox 658 2060 820 2095; x_wconf 87' lang='lat' dir='ltr'><strong>omnibus</strong></span> <span class='ocrx_word' id='word_1_281' title='bbox 856 2065 937 2095; x_wconf 90' lang='lat' dir='ltr'><strong>nota</strong></span> <span class='ocrx_word' id='word_1_282' title='bbox 985 2060 1218 2105; x_wconf 80' lang='lat' dir='ltr'><strong>‘numquam</strong></span> <span class='ocrx_word' id='word_1_283' title='bbox 1253 2060 1367 2103; x_wconf 84' lang='lat' dir='ltr'><strong>vidi’,</strong></span> <span class='ocrx_word' id='word_1_284' title='bbox 1405 2060 1493 2095; x_wconf 87' lang='lat' dir='ltr'><strong>sicut</strong></span> 
     </span>
     <span class='ocr_line' id='line_1_33' title="bbox 165 2118 1492 2168; baseline 0.002 -15"><span class='ocrx_word' id='word_1_285' title='bbox 165 2132 198 2166; x_wconf 92' lang='lat' dir='ltr'><strong>p.</strong></span> <span class='ocrx_word' id='word_1_286' title='bbox 222 2119 351 2164; x_wconf 81' lang='lat'>402,10</span> <span class='ocrx_word' id='word_1_287' title='bbox 375 2118 449 2155; x_wconf 88' lang='lat' dir='ltr'><strong>Silo</strong></span> <span class='ocrx_word' id='word_1_288' title='bbox 472 2120 659 2168; x_wconf 90' lang='lat' dir='ltr'><strong>Pompeius</strong></span> <span class='ocrx_word' id='word_1_289' title='bbox 683 2120 779 2156; x_wconf 86' lang='lat' dir='ltr'><strong>dicit:</strong></span> <span class='ocrx_word' id='word_1_290' title='bbox 813 2121 1007 2168; x_wconf 85' lang='lat' dir='ltr'><strong>‘numquam</strong></span> <span class='ocrx_word' id='word_1_291' title='bbox 1031 2119 1125 2155; x_wconf 74' lang='lat' dir='ltr'><strong>vidi!</strong></span> <span class='ocrx_word' id='word_1_292' title='bbox 1152 2119 1249 2155; x_wconf 82' lang='lat' dir='ltr'><strong>adice</strong></span> <span class='ocrx_word' id='word_1_293' title='bbox 1272 2121 1307 2156; x_wconf 71' lang='lat' dir='ltr'><strong>si</strong></span> <span class='ocrx_word' id='word_1_294' title='bbox 1327 2122 1397 2156; x_wconf 77' lang='lat' dir='ltr'><strong>vis:</strong></span> <span class='ocrx_word' id='word_1_295' title='bbox 1423 2120 1492 2156; x_wconf 83' lang='lat' dir='ltr'><strong>‘nec</strong></span> 
     </span>
     <span class='ocr_line' id='line_1_34' title="bbox 166 2180 718 2229; baseline 0.004 -15"><span class='ocrx_word' id='word_1_296' title='bbox 166 2180 236 2214; x_wconf 88' lang='lat' dir='ltr'><strong>alio</strong></span> <span class='ocrx_word' id='word_1_297' title='bbox 257 2187 418 2227; x_wconf 80' lang='lat' dir='ltr'><strong>praetore</strong></span> <span class='ocrx_word' id='word_1_298' title='bbox 441 2180 557 2216; x_wconf 86' lang='lat' dir='ltr'><strong>videre</strong></span> <span class='ocrx_word' id='word_1_299' title='bbox 572 2182 718 2229; x_wconf 79' lang='lat' dir='ltr'><strong>potero&#39;.</strong></span> 
     </span>
    </p>
   </div>
   <div class='ocr_carea' id='block_1_3' title="bbox 165 2248 1491 2358">
    <p class='ocr_par' dir='ltr' id='par_1_3' title="bbox 165 2248 1491 2358">
     <span class='ocr_line' id='line_1_35' title="bbox 277 2248 1491 2297; baseline 0.001 -12"><span class='ocrx_word' id='word_1_300' title='bbox 277 2248 418 2285; x_wconf 87' lang='lat' dir='ltr'><strong>Contr.</strong></span> <span class='ocrx_word' id='word_1_301' title='bbox 447 2250 493 2285; x_wconf 93' lang='lat' dir='ltr'><strong>X.</strong></span> <span class='ocrx_word' id='word_1_302' title='bbox 520 2251 611 2293; x_wconf 57' lang='lat'><strong>333.</strong></span> <span class='ocrx_word' id='word_1_303' title='bbox 637 2263 670 2297; x_wconf 90' lang='lat' dir='ltr'><strong>p.</strong></span> <span class='ocrx_word' id='word_1_304' title='bbox 695 2251 815 2294; x_wconf 85' lang='lat' dir='ltr'><strong>49l‚l:</strong></span> <span class='ocrx_word' id='word_1_305' title='bbox 852 2250 925 2286; x_wconf 86' lang='lat' dir='ltr'><strong>Sua</strong></span> <span class='ocrx_word' id='word_1_306' title='bbox 949 2251 1094 2297; x_wconf 83' lang='lat' dir='ltr'><strong>quoique</strong></span> <span class='ocrx_word' id='word_1_307' title='bbox 1118 2250 1295 2285; x_wconf 71' lang='lat' dir='ltr'><strong>calamitas</strong></span> <span class='ocrx_word' id='word_1_308' title='bbox 1319 2258 1491 2297; x_wconf 76' lang='lat' dir='ltr'><strong>tamquam</strong></span> 
     </span>
     <span class='ocr_line' id='line_1_36' title="bbox 165 2309 1490 2358; baseline 0.002 -14"><span class='ocrx_word' id='word_1_309' title='bbox 165 2323 224 2344; x_wconf 78' lang='lat' dir='ltr'><strong>ars</strong></span> <span class='ocrx_word' id='word_1_310' title='bbox 260 2309 482 2358; x_wconf 63' lang='lat' dir='ltr'><strong>adsignatur:</strong></span> <span class='ocrx_word' id='word_1_311' title='bbox 517 2311 596 2346; x_wconf 83' lang='lat' dir='ltr'><strong>lzuic</strong></span> <span class='ocrx_word' id='word_1_312' title='bbox 631 2318 724 2345; x_wconf 75' lang='lat' dir='ltr'><strong>recta</strong></span> <span class='ocrx_word' id='word_1_313' title='bbox 760 2311 907 2345; x_wconf 83' lang='lat' dir='ltr'><strong>membra</strong></span> <span class='ocrx_word' id='word_1_314' title='bbox 941 2317 1018 2345; x_wconf 75' lang='lat' dir='ltr'><strong>sant</strong></span> <span class='ocrx_word' id='word_1_315' title='bbox 1054 2316 1084 2344; x_wconf 75' lang='lat' dir='ltr'><strong>et</strong></span> <span class='ocrx_word' id='word_1_316' title='bbox 1118 2311 1153 2344; x_wconf 77' lang='lat' dir='ltr'><strong>si</strong></span> <span class='ocrx_word' id='word_1_317' title='bbox 1184 2324 1278 2345; x_wconf 85' lang='lat' dir='ltr'><strong>nemo</strong></span> <span class='ocrx_word' id='word_1_318' title='bbox 1315 2310 1490 2355; x_wconf 78' lang='lat' dir='ltr'><strong>(moratur)</strong></span> 
     </span>
    </p>
   </div>
   <div class='ocr_carea' id='block_1_4' title="bbox 165 2391 385 2399">
    <p class='ocr_par' dir='ltr' id='par_1_4' title="bbox 165 2391 385 2399">
     <span class='ocr_line' id='line_1_37' title="bbox 165 2391 385 2399; baseline 0 0"><span class='ocrx_word' id='word_1_319' title='bbox 165 2391 385 2399; x_wconf 95' lang='lat' dir='ltr'><strong> </strong></span> 
     </span>
    </p>
   </div>
   <div class='ocr_carea' id='block_1_5' title="bbox 278 2428 1249 2465">
    <p class='ocr_par' dir='ltr' id='par_1_5' title="bbox 278 2428 1249 2465">
     <span class='ocr_line' id='line_1_38' title="bbox 278 2428 1249 2465; baseline 0.001 -9"><span class='ocrx_word' id='word_1_320' title='bbox 278 2429 296 2463; x_wconf 86' lang='lat'><strong>¹)</strong></span> <span class='ocrx_word' id='word_1_321' title='bbox 318 2429 520 2464; x_wconf 74' lang='lat' dir='ltr'><strong>Quaestiones</strong></span> <span class='ocrx_word' id='word_1_322' title='bbox 540 2429 571 2456; x_wconf 88' lang='lat' dir='ltr'><strong>in</strong></span> <span class='ocrx_word' id='word_1_323' title='bbox 592 2428 661 2457; x_wconf 85' lang='lat' dir='ltr'><strong>Sen.</strong></span> <span class='ocrx_word' id='word_1_324' title='bbox 682 2429 772 2457; x_wconf 84' lang='lat' dir='ltr'><strong>Rhet.</strong></span> <span class='ocrx_word' id='word_1_325' title='bbox 793 2428 990 2464; x_wconf 79' lang='lat' dir='ltr'><strong>syntaeticae.</strong></span> <span class='ocrx_word' id='word_1_326' title='bbox 1010 2429 1093 2457; x_wconf 88' lang='lat' dir='ltr'><strong>Part.</strong></span> <span class='ocrx_word' id='word_1_327' title='bbox 1113 2428 1138 2457; x_wconf 93' lang='lat' dir='ltr'><strong>I.</strong></span> <span class='ocrx_word' id='word_1_328' title='bbox 1158 2437 1185 2465; x_wconf 89' lang='lat' dir='ltr'><strong>p.</strong></span> <span class='ocrx_word' id='word_1_329' title='bbox 1205 2431 1249 2461; x_wconf 78' lang='grc'><strong>38.</strong></span> 
     </span>
    </p>
   </div>
  </div>
 </body>
</html>
