1740 2765
757 127 981 161 „10-

198 230 305 264 immo
329 228 447 263 cedere
470 226 560 262 fidei.
608 226 686 273 Ego
703 227 787 262 mihi
806 228 960 274 persuasi
982 226 1198 263 scribendum
1223 239 1312 264 esse:
1338 230 1386 264 ita
1409 243 1521 277 maq-

197 287 385 323 nitudini
405 287 557 329 studet,
582 294 619 321 ut
642 300 710 322 non
734 287 967 334 imprudenter
992 286 1144 322 discedat
1168 301 1189 321 a
1202 287 1287 331 fide.
1345 286 1522 323 Sententia

197 345 375 394 perspicua
398 349 450 380 est
473 349 506 380 et
530 344 734 380 manifestus
766 357 874 381 error:
911 350 1109 393 praeceptae
1145 349 1226 379 sunt
1261 357 1304 380 ex
1327 345 1520 393 insequenti

197 406 350 442 discedat
375 418 436 440 sex
459 405 538 440 illae
561 405 693 440 litterae
709 405 833 441 medat.

307 463 450 500 Contr.
464 464 491 499 I.
506 465 559 508 2,1
567 465 596 499 l.
611 477 643 511 p.
657 464 777 507 8623:
790 465 894 500 Junii
904 465 1087 500 Gallionis.
1111 466 1303 500 Ambitiosa
1323 466 1379 500 lem
1396 474 1462 502 est:
1475 468 1524 502 ad

195 525 424 561 sacerdotium
436 539 503 561 non
515 525 606 560 ullas
618 523 702 569 (mhi
711 523 878 573 integrae)
897 538 962 560 non
976 527 1168 561 sanctitatis
1181 532 1318 569 tantum,
1336 525 1521 573 sedselici-

196 586 275 620 tatis
299 585 458 619 admittit.
500 584 683 629 Ingeniose
708 588 823 630 spreta
849 584 1109 631 interpolatione
1140 585 1242 630 vulgo
1259 590 1392 631 recepta
1407 585 1521 621 locum

196 655 359 678 mancum
372 643 546 690 supplevit
557 641 726 678 Haasius:
741 642 800 676 sed
812 642 903 688 quod
918 656 980 689 pro
993 657 1060 679 mm
1070 645 1183 678 nullas
1196 644 1333 690 scripsit
1341 658 1406 680 non
1420 646 1520 689 ullas,

197 716 262 749 ego
275 703 451 739 dissentio.
500 701 550 738 Ut
568 715 653 738 sana
663 702 724 737 fiat
735 702 846 747 lectio,
860 701 1034 739 deleamus
1047 703 1160 752 potius
1175 702 1332 740 voculam
1344 718 1420 750 raon,
1434 717 1521 752 quae

197 763 288 797 unde
312 763 448 797 invecta
473 762 527 806 sit,
564 762 606 797 de
629 763 754 797 erroris
783 774 905 807 genere
929 762 1144 797 admonitum
1168 764 1352 807 neminem,
1388 765 1519 811 opinor,

196 821 329 870 fugiffl)
377 820 540 858 Ceterum
564 822 743 857 ambitiosa
766 820 822 856 lex
846 820 973 868 optime
997 821 1137 866 dicitur,
1175 834 1285 869 neque
1321 828 1393 858 erat
1416 836 1477 859 cur
1499 836 1521 859 a

197 883 416 929 Schultingio
435 882 637 930 scrupulum
663 882 729 918 sibi
753 882 848 919 iniiei
869 887 1042 930 pateretur
1057 883 1307 930 Kiesslingius:
1332 884 1520 921 rectissime

195 943 359 990 praecipit
383 942 473 978 Gell.
498 943 544 977 N.
569 943 615 976 A.
641 941 760 976 VIIII.
790 943 863 985 12‚1
892 943 1111 978 ‘ambitiosus'
1143 952 1173 980 et
1197 946 1259 990 qui
1280 945 1383 979 ambit
1408 953 1437 979 et
1461 947 1523 991 qui

197 1004 357 1050 ambitur,
381 1007 415 1038 et
441 1001 666 1051 appellantur,
685 1007 722 1037 ut
738 1008 818 1037 noto
836 1001 992 1050 exemplo
1008 1006 1095 1047 utar,
1120 1002 1211 1051 apud
1233 1001 1397 1039 Ovidium
1414 1002 1519 1048 (Fast.

193 1062 237 1098 V.
263 1062 347 1106 298)
383 1062 438 1097 dei
474 1063 573 1097 turba
609 1063 804 1105 ambitiosa3
850 1062 900 1096 sic
927 1067 1045 1096 nostro
1073 1062 1148 1098 loco
1172 1064 1282 1109 legem
1307 1065 1519 1099 ambitiosam

194 1122 309 1158 vocari
332 1126 415 1170 puto
440 1122 483 1157 ob
507 1133 581 1157 eam
606 1133 755 1165 causam,
781 1120 873 1168 quod
896 1120 995 1168 quasi
1019 1121 1143 1157 ambiri
1181 1134 1254 1158 sese
1290 1122 1373 1158 velit
1408 1135 1518 1169 neque

195 1182 296 1217 facile
320 1182 479 1227 cuiquam
503 1181 616 1217 faveat
640 1194 814 1216 moremve
838 1187 942 1227 gerat.
968 1202 1014 1206 --
1037 1181 1145 1218 Plane
1174 1182 1291 1218 eodem
1321 1183 1421 1219 modo
1446 1196 1517 1219 rem

195 1241 397 1277 administro
422 1239 561 1277 Contr.
587 1240 705 1275 VIIII.
725 1241 814 1283 26‚2.
839 1253 872 1287 p.
889 1241 1030 1284 413,15:
1055 1242 1208 1277 Maiores
1231 1244 1342 1277 nostri
1365 1243 1521 1278 viderunt

195 1316 297 1349 quam
321 1302 428 1348 effusa
463 1308 546 1336 esset
581 1301 791 1349 indulgentia
813 1314 885 1348 pro
920 1302 992 1336 suis
1028 1302 1226 1345 timentium,
1264 1316 1363 1349 quam
1389 1310 1520 1351 parata

197 1360 364 1409 quicquid
378 1367 581 1409 posceretur
605 1360 706 1405 dare,·
731 1361 845 1408 itaque
861 1373 933 1409 pro
953 1368 1059 1408 patre
1084 1361 1139 1396 Zea:
1163 1368 1279 1397 nostra
1303 1375 1376 1397 cum
1400 1361 1519 1397 educa-

199 1430 271 1457 tore
291 1429 397 1469 pacta
421 1428 479 1456 est.
528 1419 637 1456 Codd.
663 1420 790 1456 habent
814 1421 868 1455 lea:
892 1434 958 1456 non
976 1434 1066 1457 cum:
1091 1433 1154 1456 nos
1171 1433 1283 1467 neque
1298 1434 1377 1457 cum
1393 1419 1518 1457 Schul-

192 1482 300 1527 tingio
325 1483 380 1517 tem
396 1489 514 1516 nostra
530 1493 641 1527 neque
657 1493 737 1516 cum
754 1481 924 1515 Bursiano
942 1482 997 1517 lex
1018 1483 1088 1517 iam
1104 1493 1215 1527 neque
1232 1494 1311 1516 cum
1327 1481 1355 1516 F
1357 1482 1439 1516 abro
1464 1482 1519 1517 leo:

191 1556 259 1577 non
278 1555 346 1590 pro
360 1541 539 1576 educatore
543 1542 650 1588 facta
670 1548 718 1576 est
735 1540 934 1584 scribemus,
958 1540 1017 1576 sed
1034 1541 1192 1576 tollemus
1209 1540 1417 1577 confidenter
1433 1540 1519 1576 illud

191 1615 273 1644 non,
298 1605 411 1636 ortum
440 1613 481 1636 ex
509 1614 548 1636 eo
573 1600 665 1647 quod
689 1600 805 1635 statim
830 1601 983 1647 sequitur
1006 1614 1073 1636 non
1092 1603 1197 1649 potui
1218 1602 1406 1650 obliquul')

303 1669 445 1706 Contr.
482 1670 510 1704 I.
547 1671 614 1713 5‚6.
652 1683 684 1717 p.
713 1671 853 1714 110‚15:
903 1671 1066 1713 Quartam
1102 1672 1154 1706 ibi
1163 1672 1257 1718 fecit
1282 1671 1370 1715 (scil.
1394 1669 1517 1714 Latro)

195 1731 441 1777 quaestionem:
465 1731 500 1764 si
519 1744 587 1765 nou
608 1737 716 1777 potest
745 1731 919 1777 utriusque
945 1738 1023 1765 rata
1047 1744 1117 1765 esse
1142 1732 1249 1779 optio,
1279 1738 1358 1766 utra
1382 1730 1519 1779 diquior

192 1792 248 1825 sit.
298 1788 408 1825 Codd.
434 1789 599 1835 praebent
624 1797 782 1836 quartam
806 1790 901 1834 mihi,
927 1802 969 1823 ex
993 1801 1060 1835 quo
1084 1789 1171 1824 illud
1195 1791 1257 1834 ibi,
1282 1789 1372 1835 quod
1395 1789 1517 1824 Kiess-

195 1849 304 1894 lingio
321 1849 459 1897 placuit,
485 1848 596 1884 effecit
611 1848 819 1893 Bursianus3
844 1848 926 1884 olim
948 1849 1153 1895 vulgabatur
1169 1850 1258 1886 inde.
1306 1849 1356 1884 At
1371 1849 1518 1884 otiosum

312 1961 332 1997 ¹)
354 1960 489 1997 Largam
508 1959 615 1988 talium
641 1960 842 1996 exemplorum
862 1959 976 1996 copiam
1001 1960 1158 1997 congessit
1175 1959 1287 1989 Kiessl.
1313 1959 1396 1988 Neue
1420 1959 1516 1988 Beitr.

191 2017 216 2036 z.
237 2006 319 2037 Krit.
340 2007 367 2036 d.
387 2006 476 2036 Rhet.
499 2006 567 2036 Sen.
589 2006 697 2035 Hamb.
720 2007 800 2039 1871.
819 2014 847 2043 p.
870 2008 905 2039 10
925 2014 967 2042 sq.

301 2063 325 2098 ²)
346 2062 535 2099 Quamquam
555 2061 666 2092 dubito.
696 2070 767 2090 num
799 2069 832 2090 re
862 2070 935 2090 vera
963 2061 1022 2090 hue
1048 2061 1236 2097 pertineant,
1256 2069 1352 2097 pauca
1371 2060 1517 2089 subiicere

188 2108 263 2137 libet
282 2108 319 2137 de
340 2108 465 2138 Contr.
483 2107 509 2136 I.
529 2109 584 2143 3‚8.
602 2116 629 2143 p.
651 2108 728 2142 98:22
757 2107 869 2136 Cestius
897 2111 924 2136 et
943 2106 1012 2136 illas
1036 2106 1186 2136 subiunxit
1203 2106 1270 2136 huic
1288 2106 1408 2136 ultimae
1427 2115 1516 2146 quae-

189 2155 290 2185 stioni:
310 2164 350 2184 an
370 2153 413 2184 dii
432 2152 611 2183 immortales
631 2163 729 2183 rerum
749 2152 945 2183 humanarum
959 2161 1059 2183 curam
1074 2156 1186 2191 aqarvt5
1218 2153 1333 2181 etiamsi
1351 2156 1457 2190 ayunt,
1475 2161 1516 2181 an

189 2201 374 2240 sinqulorum
392 2205 487 2238 ayant
493 2212 505 2236 ;
524 2202 551 2229 si
569 2200 753 2239 singulorum
772 2204 877 2238 ayunt,
896 2209 937 2229 an
956 2199 1042 2229 huius
1061 2200 1181 2237 equ-int.
1219 2198 1314 2228 Nemo
1340 2198 1432 2229 semel
1453 2207 1515 2228 mo-

188 2247 272 2276 nitus
296 2247 422 2284 negabit
440 2246 514 2275 illud
534 2247 648 2276 etiami
677 2246 847 2275 orationem
875 2244 1068 2281 perturbare;
1097 2252 1164 2273 cum
1194 2247 1295 2273 autem
1323 2246 1411 2274 etiam
1429 2247 1515 2273 ante-

189 2292 363 2322 cedentibus
382 2291 502 2322 adnecti
521 2291 571 2320 vix
589 2291 695 2328 possit,
725 2291 870 2328 equidem,
900 2289 963 2319 sive
993 2297 1011 2318 a
1034 2289 1228 2326 praecedenti
1247 2299 1349 2320 curam
1368 2289 1515 2328 originem

188 2339 286 2369 traxit
304 2340 392 2370 etiam
411 2339 475 2369 sive
494 2339 552 2369 alio
572 2347 674 2368 errore
695 2341 794 2368 ortum
815 2340 865 2368 est
884 2337 1006 2374 etiamsi,
1035 2345 1095 2366 non
1124 2336 1323 2367 dubitaverim
1350 2337 1514 2368 restituere

189 2387 216 2415 si
234 2390 338 2424 ayunt,
356 2395 415 2425 eqs.
438 2385 589 2422 [Vahleno
610 2385 799 2414 scribendum
818 2384 951 2413 videtur:
973 2384 1123 2413 omnium
1142 2384 1174 2413 ei
1192 2388 1295 2423 ayunt,
1312 2383 1384 2424 ιρι]
