1683 2802
746 100 950 135 -7-

189 200 268 236 Joh.
295 199 516 248 Schultingii,
545 200 688 237 aliorum
713 220 759 225 —
782 201 1035 238 observationes
1064 215 1108 239 ex
1131 204 1198 240 situ
1223 209 1257 240 et
1280 205 1441 249 tenebris,
1465 205 1500 240 in

189 262 313 307 quibus
337 261 406 297 fere
430 262 681 307 delitescebant,
718 263 755 298 in
778 263 889 299 lucem
925 265 1101 311 protraxit,
1135 271 1250 312 utpote
1284 266 1320 301 in
1356 279 1502 313 quorum

188 321 440 355 commentariis
477 326 511 356 et
548 322 640 356 notis
675 321 810 356 diffusis
845 323 934 357 inter
972 323 1093 358 vitiosa
1131 330 1233 370 atque
1268 326 1353 360 adeo
1388 326 1502 372 inepta

188 379 298 415 multa
320 380 518 417 innumerae
557 381 694 426 lateant,
718 386 757 417 ut
790 381 839 418 ita
861 381 983 427 dicam,
1019 383 1093 419 auri
1117 384 1234 427 micae,
1271 385 1396 432 quibus
1419 398 1501 433 pru-

189 439 307 476 denter
329 441 379 476 uti
402 446 436 476 et
450 442 499 477 rei
515 442 624 489 ipsius
648 454 751 477 causa
767 442 930 479 debemus
947 449 981 478 et
998 449 1036 478 ut
1059 456 1141 479 suus
1166 445 1288 491 cuique
1313 446 1423 481 honos
1441 448 1501 482 tri-

188 499 354 546 buatur.¹)
378 500 620 537 Recentiorum
643 507 758 538 autem
780 503 975 539 criticorum
992 508 1184 539 commenta
1199 511 1333 551 praesto
1349 506 1379 541 ei
1405 512 1502 541 erant

188 565 222 594 et
243 573 384 596 numero
408 566 441 596 et
465 561 632 606 gravitate
655 562 839 598 admodum
862 563 1055 610 conspicua,
1081 569 1212 610 praeter
1238 577 1277 599 ea
1300 577 1386 610 quae
1408 565 1500 601 Frid.

190 618 375 663 Haasius2)
400 619 582 666 reliquerat
616 625 650 656 et
672 621 832 656 Bursiani
867 634 965 657 curas
1003 622 1169 657 secundas
1214 623 1383 669 imprimis
1419 625 1500 659 Joh.

188 678 348 723 Vahleni,
384 678 432 715 H.
470 679 504 715 J.
540 679 709 725 Muelleri‚
746 679 786 717 C.
821 680 862 717 F,
903 680 957 717 W.
993 681 1164 726 Muelleri‚
1200 682 1324 728 quibus
1363 683 1500 719 ultimus

189 751 266 774 sese
291 745 491 787 aggregarat
513 740 677 776 Nicolaus
712 740 910 787 Madvigius
946 741 966 778 ὁ
992 741 1104 785 πάνυ,
1139 742 1236 778 cuius
1266 743 1428 778 eximium
1451 744 1500 778 in-

186 799 323 845 genium
348 799 404 836 hic
427 812 560 847 quoque
585 813 823 848 saepenumero
857 802 1075 838 admiramur.
1136 802 1267 838 Verum
1297 803 1400 838 etiam
1424 805 1501 851 post

187 865 237 893 tot
260 864 500 906 tantorumque
526 860 674 895 virorum
706 873 800 896 acres
824 862 958 896 labores
981 862 1016 896 in
1043 861 1192 897 Senecae
1216 862 1379 897 Rhetoris
1404 863 1500 898 libris

184 919 353 967 permulta
387 931 471 963 esse,
507 919 550 955 de
584 920 707 966 quibus
744 920 871 956 utiliter
906 933 969 957 nec
1004 921 1077 957 sine
1113 934 1172 969 spe
1208 921 1317 957 felicis
1353 928 1497 957 eventus

184 979 293 1026 possit
328 979 507 1027 disputari,
542 992 742 1027 persuasum
778 980 887 1016 habeo
923 982 1136 1028 conaborque
1173 982 1235 1017 hoc
1271 982 1500 1029 qualicunque

185 1039 310 1083 libello,
347 1039 405 1086 qui
429 1039 574 1075 tirocinii
600 1045 633 1074 et
663 1039 858 1087 speciminis
882 1040 991 1075 instar
1014 1041 1119 1076 velim
1142 1040 1317 1084 habeatur,
1355 1041 1398 1075 ad
1422 1054 1499 1089 per-

183 1099 358 1146 poliendos
382 1099 459 1135 illos
484 1099 772 1146 illustrandosque
795 1100 925 1146 aliquid
941 1100 1102 1136 conferre.
1161 1101 1344 1136 instituam
1383 1106 1496 1136 autem

183 1172 255 1195 rem
280 1159 337 1203 ita,
363 1164 400 1194 ut
422 1159 646 1207 multiplicem
670 1159 864 1204 materiam,
890 1166 1054 1206 quantum
1078 1161 1151 1195 fieri
1175 1161 1308 1207 poterit,
1346 1160 1498 1206 digeram

183 1220 453 1265 coniungamque
489 1220 584 1267 paria
620 1219 788 1255 similiave
816 1232 902 1266 quae
928 1220 1060 1267 saepius
1085 1220 1232 1256 invicem
1257 1233 1330 1256 sese
1354 1219 1498 1256 fulciant

182 1280 428 1326 coniunctaque
452 1279 552 1315 citius
576 1279 678 1314 fidem
703 1279 768 1314 sibi
792 1279 930 1314 faciant.
979 1280 1021 1314 ln
1054 1280 1342 1325 argumentando,
1375 1293 1417 1315 ne
1448 1281 1496 1315 le-

184 1346 314 1376 ctorum
333 1339 496 1387 patientia
508 1339 637 1384 abutar,
656 1351 759 1385 quam
776 1338 1001 1374 brevissimus
1018 1352 1092 1375 esse
1116 1339 1272 1384 studebo,
1289 1353 1357 1375 non
1382 1345 1495 1375 tamen

181 1400 267 1434 mihi
291 1399 465 1442 interdico,
505 1405 543 1433 ut
566 1412 618 1444 ne,
656 1399 685 1433 si
709 1411 762 1434 res
787 1399 835 1433 ita
854 1398 951 1442 ferat,
975 1399 1143 1435 incidente
1159 1399 1273 1445 aliqua
1297 1401 1495 1446 quaestione

180 1459 353 1507 ampliore,
378 1459 494 1506 paullo
517 1458 652 1504 longius
677 1458 884 1504 liberiusque
908 1471 1096 1494 excurram.

179 1559 279 1588 verbis
299 1560 339 1595 (p.
358 1559 453 1594 5203)
473 1560 560 1588 etiam
577 1563 669 1588 morte
682 1560 769 1597 patri
787 1560 931 1598 quaesivit
954 1559 1096 1588 inm’diam
1123 1560 1168 1588 ita
1197 1568 1269 1588 usus
1288 1559 1493 1596 Kiesslingius

179 1608 235 1641 est,
262 1607 299 1633 ut
326 1603 470 1633 scriberet
497 1613 561 1633 cum
598 1603 673 1633 dixit
696 1603 798 1641 (etiam
829 1607 921 1633 morte
944 1605 1031 1642 patri
1055 1603 1197 1633 invidiam
1217 1603 1377 1644 quaes-isse)
1407 1602 1494 1642 [sed]

179 1660 238 1680 non
251 1654 376 1690 propter
388 1654 507 1688 patrem
525 1648 608 1678 illam
620 1650 743 1688 perisse.
781 1648 935 1678 Turbatur
965 1648 1044 1678 enim
1072 1649 1215 1678 orationis
1244 1649 1429 1678 continuatio
1449 1649 1493 1678 in-

180 1696 273 1726 textis
292 1696 352 1726 illis
372 1695 470 1725 verbis
489 1695 525 1724 ab
544 1695 600 1724 hoc
618 1694 683 1724 loco
703 1694 790 1731 plane
809 1694 927 1731 alienis,
951 1702 1027 1731 quae
1050 1694 1106 1724 tali
1124 1695 1226 1732 potius
1252 1695 1422 1724 sententiae
1446 1703 1493 1724 ac-

181 1743 367 1772 commodata
386 1744 467 1771 sunt:
489 1741 563 1775 ,odit
581 1744 709 1778 patrem:
740 1741 833 1770 etiam
861 1743 955 1770 morte
985 1741 1126 1770 invidiam
1145 1741 1173 1770 ei
1192 1741 1358 1778 quaesivit.⁴
1396 1741 1492 1770 Immo

180 1788 341 1818 tenendum
366 1798 439 1818 cum
471 1788 624 1818 dixisset
657 1787 932 1823 concedendumque
960 1787 992 1816 in
1023 1787 1173 1823 excerptis
1205 1790 1326 1816 exstare
1358 1787 1491 1824 vestigia

179 1835 303 1864 alicuius
323 1834 438 1870 coloris,
457 1834 507 1871 qui
524 1834 554 1863 in
572 1833 754 1870 plenioribus
773 1834 852 1863 codd
875 1833 993 1863 omnino
1012 1833 1206 1863 interciderit.

290 1890 313 1927 ¹)
334 1890 422 1919 Licet
433 1888 650 1926 Kiesslingium
664 1888 838 1925 plerumque
852 1888 1067 1925 circumspecte
1080 1896 1144 1918 rem
1157 1888 1257 1926 egisse
1277 1888 1405 1918 libenter
1425 1897 1492 1918 con-

178 1936 287 1970 cedam,
308 1938 409 1965 tamen
427 1935 571 1965 nonnulla
588 1934 637 1964 ine
655 1934 859 1972 praetermisit
877 1934 1028 1964 mentione
1048 1934 1233 1972 dignissima.
1272 1934 1332 1964 Sed
1351 1934 1492 1971 quoniam

178 1991 245 2012 mea
262 1982 388 2011 maxime
409 1990 543 2018 novaque
553 1981 687 2018 proferre
702 1982 734 2010 in
750 1981 848 2010 animo
859 1980 930 2010 mihi
940 1984 997 2014 est,
1016 1981 1091 2010 hanc
1110 1989 1174 2010 rem
1194 1981 1296 2010 dedita
1316 1990 1408 2018 opera¹
1425 1990 1492 2018 per-

179 2027 262 2064 sequi
279 2027 361 2056 nolo:
381 2035 440 2056 uno
460 2035 538 2056 nunc
557 2027 690 2063 exemplo
711 2029 871 2056 contentus
887 2035 948 2056 ero.
977 2026 1101 2056 Gontr.
1120 2027 1146 2055 I.
1165 2027 1277 2063 praef.
1298 2029 1343 2059 22.
1362 2036 1389 2063 p.
1409 2028 1492 2059 6643

178 2073 259 2103 codd.
279 2073 431 2103 exhibent:
461 2083 525 2103 cum
552 2082 604 2103 vos
632 2073 787 2103 sententias
814 2072 919 2102 audire
943 2071 1035 2102 velitis
1064 2076 1091 2102 et
1119 2072 1266 2113 quidquid
1287 2071 1326 2102 ab
1353 2071 1412 2102 illis
1440 2071 1492 2101 ab·

178 2119 298 2156 duxero,
315 2119 463 2151 molestum
478 2119 613 2156 futurum
630 2119 677 2148 sit.
713 2117 824 2148 Kiessl.
838 2118 936 2147 deleto
956 2117 993 2147 ab
1007 2117 1129 2155 scripsit
1141 2118 1326 2154 adstmrero,
1343 2135 1368 2138 -
1387 2126 1491 2147 verum

177 2167 226 2195 est
244 2166 308 2196 sine
327 2165 414 2195 dubio
434 2165 643 2200 abduxerit,
661 2165 737 2201 quod
759 2173 824 2194 cum
853 2172 909 2202 ego
938 2164 1007 2193 olim
1036 2164 1239 2200 coniecissem,
1267 2172 1363 2201 nuper
1381 2164 1441 2193 vidi
1459 2164 1491 2193 in

176 2213 268 2243 Gron.
288 2212 334 2242 ed.
353 2220 379 2243 a.
398 2210 607 2241 MDCLXXH
626 2212 757 2240 exstare.
796 2210 937 2240 Ceterum
956 2210 1031 2240 talia
1048 2210 1128 2240 infra
1147 2210 1379 2240 confirmationis
1399 2218 1491 2239 causa

175 2259 355 2297 aliquotiens
374 2259 405 2288 in
423 2261 600 2288 transcursu
618 2257 738 2288 notabo.

285 2315 307 2351 ²)
325 2314 409 2344 Idem
428 2314 562 2343 Haasius
582 2316 614 2343 et
632 2312 705 2343 Otto
724 2312 851 2342 ,Iahnius
870 2312 1094 2342 emendationes
1113 2313 1225 2342 multas
1245 2313 1305 2342 iam
1325 2321 1392 2342 cum
1412 2314 1486 2343 Bur-

175 2361 260 2390 siano
279 2360 540 2390 communicarant.
