1740 2765
852 462 899 515 Ι.

332 582 424 619 Cum
447 595 490 618 ex
514 582 557 617 iis
581 594 668 628 quae
693 594 798 629 supra
822 582 1045 629 exposuimus
1069 588 1193 630 pateat,
1232 584 1261 619 si
1297 584 1374 630 quis
1398 585 1543 623 alicuius

218 642 350 689 antiqui
376 641 551 690 scriptoris
577 654 678 688 opera
703 641 759 676 via
782 647 815 676 et
839 641 972 677 ratione
1007 641 1051 677 ad
1075 642 1260 689 genuinam
1282 642 1428 679 formam
1452 644 1542 680 redi-

218 713 297 747 gere
320 701 475 736 animum
498 700 681 744 induxerit,
707 713 796 744 eum,
823 705 860 734 ut
877 712 940 735 suo
957 701 1109 747 quidque
1131 703 1271 738 modulo
1286 703 1399 738 metiri
1423 703 1542 750 possit,

218 761 322 797 etiam
346 761 383 796 in
406 760 589 797 hominum
625 772 753 804 eorum,
791 760 850 807 qui
886 760 1095 809 exemplaria
1124 761 1260 798 favente
1283 762 1420 798 fortuna
1442 762 1543 797 nobis

219 826 355 858 servata
379 821 588 867 testiumque
611 820 724 856 vicem
748 819 952 856 excutienda
975 821 1200 866 confecerint,
1225 827 1382 857 naturam
1405 826 1439 858 et
1462 834 1544 858 con·

219 881 435 917 suetudinem
459 880 710 927 quodammodo
741 880 915 915 insinuare
940 892 1015 916 sese
1039 880 1179 925 debere,
1217 894 1280 917 nos
1316 894 1450 928 quoque
1474 881 1544 916 dis-

222 940 365 987 putandi
389 940 527 975 initium
552 944 629 987 apte
653 939 827 986 capiemus
851 951 872 973 a
896 939 1137 986 perpendenda
1158 946 1191 975 et
1214 940 1391 976 tractanda
1409 940 1545 975 funesta

220 999 367 1047 quadam
391 999 611 1035 librariorum
629 997 885 1041 consuetudine,
911 1009 998 1044 quae
1021 999 1057 1033 in
1082 999 1304 1034 emendandis
1325 1000 1380 1034 his
1397 998 1545 1035 Senecae

218 1060 317 1095 libris
342 1072 412 1095 non
436 1059 579 1106 impune
603 1057 805 1104 neglegitur.
856 1056 1019 1093 Cernitur
1057 1071 1097 1094 ea
1131 1059 1169 1093 in
1208 1059 1262 1095 bis
1292 1059 1471 1095 exarandis
1495 1059 1544 1095 eis

220 1132 307 1166 quae
343 1118 448 1153 semel
486 1117 657 1153 exaranda
693 1122 800 1161 erant,
837 1117 962 1163 quibus
999 1117 1250 1165 dittographiis,
1286 1119 1484 1166 praesertim
1515 1118 1545 1153 si

220 1178 375 1227 pauculis
411 1177 535 1213 litteris
566 1177 793 1221 continentur,
830 1188 1090 1223 nonnumquam
1115 1177 1273 1213 effectum
1297 1183 1362 1223 est,
1399 1183 1437 1213 ut
1461 1178 1545 1214 scri-

220 1238 328 1285 ptoris
350 1237 456 1272 verba
479 1237 595 1284 paullo
612 1237 690 1284 plus
707 1236 811 1271 etiam
835 1237 1107 1272 obscurarentur.
1159 1236 1262 1273 Cadit
1284 1238 1350 1274 hoc
1372 1250 1448 1273 mea
1471 1238 1545 1285 opi-

220 1299 323 1334 nione
346 1298 383 1333 in
408 1296 553 1333 Contr.
578 1296 606 1332 I.
632 1296 688 1341 2,8
713 1309 746 1344 p.
768 1296 886 1340 85‚12:
912 1298 1021 1333 omnis
1037 1296 1181 1333 sordida
1197 1299 1431 1346 im'wiosaque
1447 1299 1546 1334 turba

220 1360 284 1394 huc
310 1357 375 1402 (sc.
401 1357 437 1392 in
461 1356 623 1404 lupanar)
649 1358 771 1404 influit,
796 1370 856 1391 nec
881 1358 1061 1404 quisquam
1086 1371 1122 1393 eo
1146 1366 1182 1393 ut
1207 1358 1334 1394 iudicet
1357 1360 1455 1393 venit.
1492 1357 1546 1393 De

222 1417 407 1454 iudicando
443 1416 501 1452 hic
536 1416 591 1463 agi
628 1429 696 1452 non
733 1428 834 1464 posse
857 1415 944 1451 ratio
968 1415 1093 1451 clamat
1117 1417 1291 1470 sensitque
1315 1416 1373 1453 W.
1398 1416 1545 1453 Muelle-

220 1490 297 1520 rus;
323 1478 382 1524 qui
399 1482 513 1512 tamen
531 1477 621 1523 quod
646 1477 822 1524 proposuit
839 1485 869 1513 te
893 1478 1050 1521 vindicet,
1075 1489 1197 1512 verum
1211 1478 1387 1512 invenisse
1402 1478 1459 1512 vix
1482 1491 1545 1524 pu-

221 1537 345 1572 tandus
382 1542 447 1573 est:
487 1536 646 1572 videntur
678 1536 770 1572 enim
806 1536 866 1571 illa
901 1537 1012 1582 magis
1036 1536 1072 1571 in
1097 1537 1298 1572 universum
1321 1537 1545 1585 pronuntiari,

222 1597 434 1643 dixissetque
461 1596 608 1640 Cestius,
646 1597 683 1631 ni
712 1596 824 1640 fallor,
862 1601 952 1632 certe
989 1595 1125 1642 ‚veniet‘
1161 1596 1216 1631 vel
1255 1596 1363 1641 ‚facile
1393 1597 1546 1633 venerit.‘

225 1656 333 1700 Quod
368 1656 603 1702 Kiesslingius
640 1662 754 1691 autem
786 1656 822 1690 in
852 1656 1070 1692 adnotatione
1100 1656 1282 1703 temptavit
1309 1663 1345 1691 ut
1370 1657 1547 1704 pudz‘c(am

224 1717 379 1764 quaer)at
403 1716 642 1763 probabilitate
658 1716 759 1763 plane
780 1721 881 1751 caret.
916 1715 1145 1752 Scribendum
1168 1721 1266 1764 puto:
1291 1730 1352 1752 nec
1369 1718 1547 1764 quisquam

224 1790 261 1813 eo
284 1783 326 1812 ut
350 1777 396 1813 de
407 1783 469 1812 cet
492 1778 592 1812 venit.
640 1775 777 1811 Erroris
803 1777 898 1823 origo
922 1781 1001 1811 ante
1025 1776 1142 1812 oculos
1157 1776 1268 1824 posita
1293 1781 1345 1811 est
1360 1788 1549 1823 moneoque

224 1837 328 1873 etiam
352 1850 385 1885 p.
410 1837 538 1881 220,17
578 1848 620 1871 ex
660 1836 757 1872 codd.
795 1836 862 1871 AB
900 1836 1044 1872 lectione
1081 1836 1194 1873 dicere
1232 1841 1323 1872 certa
1357 1836 1550 1872 coniectura

226 1896 384 1932 effectum
408 1908 484 1931 esse
508 1896 634 1932 decere.

337 1954 407 1992 Sed
430 1960 469 1990 ut
492 1967 686 2004 pergamus,
712 1955 796 1991 tales
821 1955 1089 2003 dittographiae,
1115 1955 1151 1991 in
1177 1955 1303 2003 quibus
1326 1955 1472 1991 alterum
1498 1956 1549 1992 al-

227 2017 291 2051 teri
315 2016 545 2060 continuatur,
570 2016 640 2052 fere
664 2017 700 2050 in
725 2016 885 2051 omnibus
910 2016 1084 2052 codicibus
1100 2016 1297 2062 frequenter
1311 2016 1549 2052 inveniuntur:

227 2076 264 2110 in
288 2076 349 2120 eis,
375 2076 417 2111 de
441 2076 566 2122 quibus
590 2087 684 2111 nunc
707 2088 769 2110 nos
795 2076 940 2121 agimus,
965 2076 1031 2112 hoc
1054 2088 1163 2121 genus
1187 2076 1296 2111 multo
1321 2076 1423 2110 latius
1447 2081 1550 2123 patet.

228 2134 338 2184 Saepe
361 2135 454 2171 enim
478 2135 537 2182 qui
561 2135 675 2183 ipsum
699 2135 855 2171 codicum
879 2140 1075 2171 nostrorum
1099 2135 1309 2183 archetypon
1325 2135 1479 2171 exaravit
1496 2135 1551 2171 vel

230 2197 388 2243 quisquis
413 2201 491 2231 ante
516 2209 593 2231 eum
619 2197 751 2243 primus
776 2196 846 2230 illis
871 2196 955 2232 locis
980 2196 1187 2239 dormitavit,
1212 2195 1372 2243 delapsus
1388 2195 1431 2231 ad
1448 2196 1552 2232 verba

230 2256 383 2302 quolibet
407 2255 517 2303 spatio
541 2256 717 2291 interiecto
741 2256 796 2291 vel
821 2255 1035 2302 insequentia
1058 2255 1112 2290 vel
1140 2254 1375 2302 praecedentia
1409 2255 1551 2290 vitiosas

230 2316 403 2352 commisit
420 2316 648 2364 repetitioneS,
666 2328 751 2363 quas
768 2316 854 2365 ipse,
880 2316 953 2352 sive
976 2328 1125 2351 errorem
1145 2314 1285 2351 omnino
1306 2328 1376 2352 non
1398 2315 1552 2351 animad-

233 2377 338 2411 vertit
362 2376 435 2411 sive
459 2377 664 2423 exemplaris
689 2377 791 2411 nitori
815 2376 919 2411 nimis
943 2376 1044 2411 anxie
1079 2375 1261 2417 consuluit,
1296 2389 1366 2411 non
1402 2376 1551 2411 sustulit.
