1740 2765
243 242 353 278 stione
378 251 575 277 versemur:
599 239 775 286 quaeritur
798 242 843 275 a'n
865 241 903 276 in
926 253 964 275 re
987 239 1118 275 iniuria
1140 238 1200 283 εἰες
1217 256 1262 262 -
1277 237 1315 273 in
1338 250 1406 285 qua
1421 236 1558 273 tandem

246 300 304 337 re?
329 300 493 335 nimirum
515 298 554 334 in
579 311 629 343 ea,
664 298 756 345 quod
785 298 978 334 sordidatus
1002 298 1143 334 divitem
1167 302 1303 333 secutus
1326 303 1379 333 est
1401 297 1559 345 pauperis

244 359 348 397 occisi
366 358 470 395 filius.
503 357 614 396 Cuius
638 359 687 395 rei
711 358 919 395 memoribus
943 364 1079 408 praesto
1102 363 1154 395 est
1169 357 1256 394 lenis
1272 357 1434 394 correctio
1457 356 1559 393 haec:

244 435 333 457 nova
345 421 508 469 formabi
523 421 732 456 iniuriarum
750 421 976 468 componitur.-
1001 409 1102 468 ‘quod
1122 420 1180 455 ille
1202 419 1298 455 illic
1321 425 1439 454 contra
1463 418 1562 454 bonos

245 494 356 516 mores
381 481 485 516 ivit’.
525 478 615 514 Ecce
638 478 750 514 ironia
771 477 1003 524 festivissima,
1024 491 1092 526 qua
1106 484 1140 514 et
1154 478 1213 514 alii
1228 477 1382 513 similiter
1396 476 1562 521 luserunt,

247 545 285 576 ut
307 553 342 587 p.
367 539 472 584 469‚9
496 538 611 574 Julius
626 537 775 575 Bassus:
799 537 873 573 ‘cwr
895 552 957 584 me,
981 540 1102 586 inquit,
1126 539 1305 587 sequeris?
1343 538 1444 585 quasi
1465 536 1564 573 aliud

247 601 315 635 iter
334 611 518 648 pauperes,
543 598 643 633 aliud
665 597 787 632 divites
811 597 963 641 habeam,
988 602 1022 632 et
1045 610 1078 645 p.
1096 598 1220 642 469,22
1245 597 1397 633 Arellius
1412 595 1561 631 Fuscus:

239 659 389 707 facinus
417 657 594 708 indiqmcm
625 658 838 693 conmissum
868 664 932 694 est:
968 657 1060 694 dives
1083 666 1114 695 et
1134 672 1269 708 pauper
1292 656 1407 694 eadem
1429 657 1487 693 via
1509 656 1562 692 in-

250 720 420 755 cessimus.
764 708 766 711 Α

361 776 403 811 In
425 775 616 811 eiusdem
639 773 962 810 controversiae
990 774 1011 820 ξ
1038 775 1091 810 14.
1115 787 1148 823 p.
1172 776 1275 820 476,2
1304 774 1443 811 Albucii
1471 774 1564 809 leno-

254 850 346 882 nem,
383 836 443 884 qui
466 848 527 884 per
562 835 679 871 dolum
714 840 748 872 et
778 834 921 871 insidias
950 834 1066 872 decem
1089 834 1360 873 adolescentibus
1383 834 1566 886 perniciem

252 897 394 933 molitus
417 901 510 942 erat,
534 895 742 943 increpantis
766 894 924 939 ‚sordida‘
949 895 1117 931 sententia
1147 896 1196 932 sio
1226 895 1352 933 editur:
1391 897 1482 931 itane
1516 895 1566 930 sic

246 957 412 1006 peribunt
436 956 548 992 decem
571 956 706 991 iuvenes
721 962 869 1004 propter
892 954 1074 1004 dipondios
1089 956 1186 991 tuos?
1213 955 1303 991 Boni
1328 954 1424 992 codd.
1441 954 1568 990 habent

254 1028 373 1051 omnes
409 1017 460 1052 ita
495 1016 582 1060 mzei‚·
617 1014 697 1050 inde
732 1014 865 1050 saeculo
901 1013 991 1050 XVI
1025 1014 1152 1050 codicis
1187 1014 1217 1050 T
1252 1020 1420 1051 corrector
1456 1013 1568 1050 effecit
1600 1045 1602 1048 ,

256 1076 360 1119 itane,
387 1086 474 1121 quae
497 1074 724 1122 interpolatio,
751 1095 788 1100 -
810 1079 848 1109 ut
870 1073 1040 1122 permulta
1063 1074 1217 1110 eiusdem
1240 1073 1380 1119 farinae,
1397 1093 1443 1100 —
1465 1073 1569 1120 vulgo

257 1134 340 1170 olim
365 1140 502 1183 recepta
523 1139 586 1170 est.
626 1132 729 1178 Quod
750 1133 983 1179 Kiesslingius
1007 1133 1114 1170 edidit
1129 1134 1302 1170 Bur-siano
1318 1134 1458 1171 debetur
1472 1132 1568 1170 codd.

257 1194 438 1230 lectionem
461 1193 579 1242 paullo
610 1193 778 1230 curiosius
802 1193 1006 1241 respicienti.
1055 1192 1183 1230 Vereor
1217 1199 1342 1241 tamen,
1378 1206 1421 1230 ne
1455 1193 1570 1242 opinio

258 1253 337 1289 illos
362 1253 537 1297 fefellerit3
574 1272 620 1276 —
655 1257 744 1288 certe
778 1265 848 1288 non
883 1253 1024 1289 memini
1059 1266 1114 1289 me
1136 1253 1184 1288 ita
1206 1253 1427 1290 coniunctum
1460 1252 1570 1299 legere

259 1315 349 1349 itane
371 1315 432 1358 sic,
456 1316 574 1360 estque
597 1311 640 1347 ad
663 1324 804 1349 manum
826 1312 1016 1348 emendatio
1039 1317 1073 1348 et
1095 1312 1226 1349 facilior
1249 1317 1282 1349 et
1305 1313 1389 1357 veri,
1414 1312 1480 1348 nisi
1515 1325 1571 1348 me

261 1373 375 1422 ipsum
399 1372 515 1409 omnia
537 1372 672 1418 fallunt,
709 1372 817 1409 multo
842 1372 986 1409 similior
1010 1385 1063 1418 ea,
1100 1378 1137 1408 ut
1160 1372 1347 1409 scribatur:
1382 1372 1463 1419 2'ta1)
1497 1374 1571 1410 mi-

262 1436 355 1470 seri
367 1434 531 1483 peribunt
555 1433 666 1470 decem
689 1434 823 1470 iuvenes
839 1441 985 1483 propter
1015 1434 1195 1483 dipondios
1223 1435 1317 1470 mos?
1338 1432 1409 1470 Cfr.
1424 1446 1457 1482 p.
1470 1433 1572 1480 324,5

264 1495 368 1529 mz‘ser
403 1507 506 1541 aeque
540 1495 643 1529 timui
672 1507 714 1530 ne
738 1521 746 1528 .
772 1521 781 1530 .
805 1519 815 1529 .
851 1494 957 1537 daret,
993 1506 1026 1540 p.
1051 1493 1155 1538 355,4
1190 1494 1283 1537 Quid
1303 1494 1419 1542 faciet
1452 1495 1577 1529 miser?

265 1565 299 1599 p.
324 1553 449 1596 492,28
487 1553 572 1599 quid
605 1554 694 1588 enim
728 1554 850 1588 misen·
873 1566 995 1601 roqare
1017 1554 1126 1588 sciunt
1148 1554 1222 1588 m'si
1239 1554 1384 1601 stipem?
1425 1552 1575 1588 Facilem

267 1611 493 1647 mutationem
528 1611 580 1647 vel
614 1611 690 1648 ideo
713 1611 785 1647 dixi
808 1623 893 1658 esse,
931 1611 1022 1658 quod
1046 1612 1209 1659 suspicor,
1242 1611 1331 1648 sicut
1352 1611 1389 1648 in
1413 1612 1517 1648 simili
1540 1624 1576 1648 re

267 1683 304 1718 p.
329 1671 456 1714 206‚24
478 1670 606 1706 factum
630 1670 788 1716 vidimus,
818 1684 874 1707 ser
898 1676 1074 1706 exaratum
1096 1671 1203 1706 fuisse
1226 1683 1294 1706 una
1317 1671 1430 1707 littera
1464 1685 1482 1707 s
1517 1671 1577 1706 ad-

270 1730 357 1766 iecta
381 1730 526 1775 virgula,
551 1742 619 1775 qua
642 1730 770 1765 omissa
791 1732 877 1766 misi
895 1730 1021 1766 abiisse
1042 1730 1080 1765 in
1102 1732 1176 1766 m'si
1196 1742 1296 1766 nemo
1318 1730 1506 1768 mirabitur.

910 1953 967 2006 V.

386 2073 562 2117 Quoniam
587 2074 669 2109 satis
692 2073 752 2109 diu
774 2073 918 2110 lectores
941 2073 978 2108 in
1001 2072 1134 2109 Latinis
1150 2072 1368 2119 detinuimus,
1385 2086 1477 2110 nunc
1491 2074 1584 2110 lubet

281 2133 397 2170 missis
421 2132 502 2178 illis,
526 2137 708 2179 antequam
732 2131 967 2169 dissertationi
990 2137 1125 2169 nostrae
1146 2133 1252 2169 finem
1274 2133 1506 2182 imponamus,
1528 2134 1585 2170 ad-

277 2193 356 2230 dere
381 2205 487 2241 pauca
519 2193 707 2241 spectantia
740 2192 783 2228 ad
812 2191 1021 2229 Graecorum
1056 2193 1232 2229 rhetorum
1265 2194 1465 2240 sententias,
1501 2207 1586 2242 quas

278 2251 418 2298 Seneca,
454 2257 504 2297 ,ut
538 2252 677 2299 ingenia
711 2252 858 2299 ingeniis
894 2251 1148 2297 conferrentur-2
1185 2253 1319 2301 saepius
1353 2253 1587 2291 Romanorum

389 2344 409 2381 ¹)
427 2343 526 2375 Multo
544 2343 664 2381 saepius
683 2344 714 2374 in
739 2343 885 2374 eiusmodi
906 2343 1195 2382 interrogationibus
1219 2345 1349 2375 occurrit
1375 2346 1407 2376 in
1431 2346 1477 2376 his
1502 2346 1584 2378 libris

279 2392 322 2421 ita
341 2398 429 2427 quam
447 2392 534 2422 itam.
564 2389 719 2422 Nonnulla
737 2391 873 2429 exempla
898 2399 988 2429 supra
1006 2390 1101 2422 allata
1119 2394 1190 2422 sunt
1207 2400 1236 2430 p.
1257 2394 1292 2426 18
1310 2392 1342 2423 in
1360 2392 1426 2424 adn.
1449 2390 1451 2393 ”
1523 2386 1524 2389 ’
1554 2386 1556 2389 ’
