1683 2802
695 113 922 150 -29-

151 214 340 259 concedes,
358 234 404 239 —
420 214 675 252 concedendum
697 216 788 252 enim
808 216 931 264 ,utique
953 221 1016 260 est,
1038 236 1083 241 -—
1106 216 1188 252 haec
1210 227 1286 251 esse
1309 214 1468 251 Montani

151 275 262 322 ipsam
279 286 396 310 veram
412 275 579 311 rationem
594 274 767 312 liberrime
782 281 816 312 et
831 289 909 313 cnm
925 274 1074 323 quodam
1088 275 1208 313 ardore
1223 274 1466 323 expromentis,

151 334 256 380 Quod
286 334 315 370 si
344 339 410 380 est,
439 348 472 383 p.
503 334 630 380 389,15
657 334 824 373 defectum
852 336 1016 373 emtionis
1045 335 1340 386 deprehendimus.
1395 333 1467 370 De-

151 394 340 430 sideramus
375 395 576 440 ‚honestam‘
600 395 785 440 rationem,
814 397 979 432 nimirum
1006 397 1128 440 talem,
1158 396 1293 443 qualem
1317 395 1468 443 proferre

151 453 247 499 solet,
271 454 301 490 si
323 454 402 501 quis
425 466 567 502 prorsus
591 453 776 491 detrectare
798 456 965 493 rationem
986 469 1056 492 non
1071 460 1193 505 potest,
1218 467 1337 491 veram
1351 458 1467 490 autem

150 513 291 550 reddere
313 527 383 550 non
407 513 483 548 vult
506 514 550 555 ob
574 526 716 561 eamque
739 528 877 552 causam
901 517 1154 562 tergiversatur.
1203 516 1285 563 Ipsa
1307 513 1466 551 Montani

151 574 257 610 verba
279 586 380 609 nemo
405 574 607 620 praestabit3
631 579 780 611 ceterum
803 588 873 612 non
898 576 1001 612 nimis
1025 576 1135 611 multa
1157 574 1373 611 intercidisse
1388 573 1468 609 inde

151 633 336 669 verisimile
359 634 409 678 fit,
435 632 525 680 quod
542 646 659 669 veram
675 635 840 671 rationem
855 635 1043 672 Montanus
1061 635 1202 671 minime
1219 634 1468 670 detrectatums

150 699 212 738 est,
247 694 353 729 immo
381 693 425 730 ad
452 694 690 742 proferendam
717 702 750 731 et
782 697 878 743 quasi
909 695 1150 732 effundendam
1178 708 1254 731 eam
1288 705 1469 742 properare

154 753 297 789 videtur.
345 751 451 797 Quod
481 754 510 789 si
539 755 744 801 quaerimus,
777 756 860 802 quid
888 756 1027 792 tandem
1055 755 1167 792 dicere
1196 754 1359 803 potuerit,
1390 757 1468 799 apte

152 813 345 849 conferatur
367 813 557 850 consimilis
580 814 660 851 libri
675 814 732 851 III
754 815 933 864 praefatio3
957 816 1006 852 ibi
1022 815 1043 862 ξ
1061 816 1106 852 14
1121 828 1154 864 p.
1172 815 1299 859 245,17
1323 812 1468 849 Cassius

151 872 300 909 Severus
328 873 410 909 dicit
444 875 651 923 Dilzyentius
684 889 736 911 me
768 877 834 912 tibi
870 890 1076 920 exon-sarm,
1107 883 1280 922 tamquam
1308 874 1387 909 huic
1416 874 1471 908 rei

150 948 218 970 non
252 947 356 970 essem
388 941 489 970 natus
524 948 590 982 eqs.
603 934 630 980 ι)
678 933 737 971 Sic
771 940 888 971 nostro
924 936 999 972 loco
1026 948 1059 984 p.
1088 934 1216 979 389‚14
1250 932 1372 981 potuit,
1409 930 1469 968 sed

150 993 239 1029 nihil
263 993 316 1029 aio
340 994 409 1030 nisi
432 994 543 1042 potuit
566 994 753 1031 Montanus
777 996 887 1033 dicere
910 996 1009 1033 haec:
1045 1004 1159 1033 utram
1195 996 1267 1031 vis?
1298 995 1469 1035 honestam

152 1068 196 1089 an
220 1056 356 1090 veram?
376 1056 412 1090 εἰ
430 1056 614 1101 honestam,
640 1055 750 1103 (quia
772 1057 868 1092 huic
891 1059 958 1092 rei
978 1070 1036 1092 me
1058 1070 1139 1092 non
1162 1062 1308 1092 natum
1339 1061 1469 1102 puto,-

150 1116 191 1148 si
218 1114 395 1159 veram‚)
420 1128 462 1150 ne
490 1116 578 1150 male
602 1115 799 1151 adsuescam
821 1130 889 1163 eqs.

260 1173 407 1211 Contr.
432 1173 552 1210 VIIII.
571 1174 659 1219 25‚3.
684 1175 858 1223 p.401,13
874 1175 974 1212 Porci
997 1175 1157 1211 Latronis
1182 1173 1318 1211 verba'
1308 1186 1345 1209 111
1369 1172 1468 1209 bonis

150 1233 247 1269 codd.
278 1233 328 1269 sic
351 1233 546 1269 traduntur:
588 1236 743 1270 Facilzus
779 1243 826 1271 est
861 1244 897 1270 ut
932 1237 994 1282 qui
1025 1237 1098 1271 alia
1132 1236 1306 1271 meretrici
1337 1233 1469 1269 dederit

150 1293 372 1329 homicidium
394 1302 497 1343 neget,
515 1308 616 1341 quam
638 1302 674 1330 ut
698 1296 760 1342 qui
778 1296 839 1330 hoc
864 1309 993 1343 quoque
1017 1294 1148 1331 dederit
1173 1295 1354 1343 quicquam
1377 1292 1468 1329 vidi-

151 1355 276 1389 mirum
298 1367 480 1400 numquam
503 1354 596 1389 istud
618 1353 718 1397 (AB:
749 1355 862 1398 istum)
886 1355 1066 1390 mulierum
1089 1355 1206 1389 oculis.
1222 1353 1356 1389 ostendi
1374 1353 1468 1396 solet,

151 1420 211 1448 aut
226 1415 293 1448 ism
308 1413 379 1448 iam
394 1426 494 1461 saepe
514 1412 662 1448 vidzzeeec.
715 1412 799 1448 Post
815 1414 993 1461 quicquam
1008 1412 1138 1459 aliquid
1153 1412 1366 1448 intercidisse
1388 1424 1467 1447 cum

151 1485 252 1508 nemo
277 1472 322 1508 sit
345 1472 428 1519 quin
452 1472 635 1519 intellegat,
665 1472 901 1520 percommode
931 1472 1065 1516 accidit,
1103 1479 1141 1508 ut
1177 1471 1331 1508 subsidio
1365 1470 1466 1507 nobis

153 1533 223 1568 sint
257 1537 426 1580 excerpta,
463 1532 500 1567 in
530 1531 654 1578 quibus
679 1532 743 1568 hoc
773 1538 864 1578 certe
890 1532 1104 1568 enuntiatum
1131 1532 1271 1580 plenum
1296 1536 1469 1567 servatum

151 1598 203 1628 est
221 1592 414 1640 perscripta
435 1591 473 1627 in
496 1591 648 1627 clausula
676 1604 755 1628 voce
777 1594 918 1641 neyaric.
965 1591 1041 1627 Iam
1066 1604 1144 1627 vero
1168 1591 1210 1627 de
1234 1604 1273 1627 eo
1298 1590 1389 1638 quod
1414 1603 1469 1626 se-

152 1652 268 1698 quitur
301 1656 454 1686 monstro
489 1652 689 1687 vidimirwn
723 1651 892 1686 mirabilia
919 1651 1133 1697 protulerunt
1162 1652 1228 1686 viri
1253 1651 1353 1687 docti.
1402 1649 1468 1686 Sa-

152 1710 296 1746 nissimo
331 1710 456 1746 iudicio
492 1710 598 1746 sensit
632 1710 823 1750 Bursianus
858 1710 962 1746 latere
990 1710 1047 1746 hic
1076 1710 1281 1746 vocabulum
1305 1711 1470 1746 nimirum

152 1770 257 1816 idque
280 1771 316 1805 in
340 1775 435 1805 textu
457 1770 586 1817 posuit3
623 1769 681 1805 sed
712 1770 769 1805 hic
796 1770 1028 1816 quaestionem
1056 1782 1124 1805 non
1150 1770 1313 1805 absolvit:
1349 1769 1467 1817 paullo

153 1830 231 1877 plus
254 1830 291 1864 in
314 1829 375 1864 illa
398 1828 565 1877 scriptura
587 1830 700 1864 inesse
727 1834 761 1864 et
792 1841 853 1876 per
884 1841 920 1864 se
947 1829 1134 1864 verisimile
1157 1834 1210 1864 est
1232 1835 1266 1863 et
1289 1828 1391 1863 certis
1415 1841 1468 1864 ar-

153 1889 324 1935 gumentis
348 1889 438 1924 infra
461 1888 780 1924 demonstrabimus.
828 1888 948 1934 Longe
970 1888 1074 1923 aliam
1097 1888 1189 1923 viam
1215 1888 1392 1933 ingressus
1417 1894 1470 1924 est

153 1949 386 1994 Kiesslingius
411 1948 526 1993 (Neue
541 1949 647 1984 Beitr.
673 1961 705 1996 p.
723 1949 791 1993 25),
815 1948 875 1994 qui
891 1948 969 1983 inde
986 1947 1167 1994 profectus,
1192 1948 1285 1993 quod
1307 1951 1472 1983 nimirum

154 2022 328 2057 nusquam
351 2010 388 2045 in
413 2009 467 2045 his
491 2009 588 2046 libris
613 2014 746 2045 exstare
770 2008 934 2053 videatur,
959 2013 1131 2044 asseverat
1155 2006 1373 2045 scribendum
1396 2019 1471 2044 esse

155 2071 309 2104 videlieet
344 2070 514 2115 simulque
548 2070 803 2115 agnoscendum
832 2069 1036 2104 vocabulum
1065 2072 1243 2112 nimirum,
1269 2069 1334 2104 hoc
1357 2074 1471 2104 autem

155 2132 330 2174 tamquam
364 2128 537 2174 glossema
571 2128 844 2176 expungendum.
893 2126 973 2171 Qua
1001 2127 1036 2161 in
1066 2140 1103 2162 re
1131 2127 1246 2162 virum
1275 2127 1317 2162 de
1342 2125 1473 2162 Seneca

269 2239 290 2272 ¹)
309 2238 370 2267 Cfr.
392 2239 485 2268 etiam
503 2247 531 2275 p.
551 2240 668 2272 25722:
690 2238 805 2276 (Pollio
818 2237 943 2267 Asinius
956 2245 1116 2273 numquam
1135 2237 1265 2266 admissa
1282 2233 1474 2268 multitudine

156 2282 348 2319 declamavit)
375 2285 435 2314 sive
453 2285 535 2326 *quia
556 2294 669 2325 parum
687 2285 718 2314 in
744 2283 804 2314 illis
828 2284 878 2318 (sc.
898 2282 1178 2318 declamationibus)
1206 2282 1308 2312 habuit
1328 2283 1475 2323 fiduciam

156 2331 216 2360 sive
235 2352 243 2360 .
262 2353 270 2361 .
290 2332 322 2360 et
340 2339 369 2368 p.
387 2332 471 2365 3529
489 2336 522 2363 ut
539 2332 628 2362 scires
646 2330 730 2362 illum
748 2330 815 2361 huic
831 2330 973 2360 mter-iae
990 2338 1050 2359 non
1068 2329 1164 2359 minus
1182 2328 1318 2359 idoneum
1336 2339 1407 2367 esse,
1423 2330 1477 2362 sed

157 2376 252 2405 minus
263 2375 458 2414 sanu'liarem.
