1683 2802
202 228 338 263 quaeso,
374 216 570 263 proficimus
606 215 729 252 collato
764 215 824 251 illo
859 227 973 259 versu,
1009 227 1112 261 quem
1150 215 1292 262 primus,
1333 215 1370 249 ni
1406 213 1518 257 fallor,

205 275 369 312 Schottus
392 276 559 320 adhibuit,

381 346 437 381 Ab
460 346 537 382 Iove
557 345 772 394 principium
795 345 932 381 Musae:
963 344 1056 380 Iovis
1079 345 1193 380 omnia
1208 344 1340 393 plena?

312 413 425 449 Multo
449 414 574 449 rectius
597 413 691 458 olim,
716 417 754 447 ut
777 414 853 449 Nic.
880 414 992 449 Faber
1020 413 1247 456 iudicaverat,
1281 414 1329 448 ita
1356 413 1523 448 iudicavit

204 472 277 520 ipse
300 472 533 519 Kiesslingius
558 472 677 517 (Neue
705 472 810 507 Beitr.
844 485 876 520 p.
904 472 1068 517 19-20),
1093 472 1206 508 locum
1229 472 1328 506 illum
1353 472 1519 518 Vergilia-

203 546 288 568 num
312 546 404 569 nunc
427 532 566 579 quidem
588 545 659 567 non
675 537 817 576 exstare,
841 532 947 568 fuisse
963 537 1078 567 autem
1101 532 1176 579 ipsa
1198 532 1270 567 eius
1295 533 1399 567 verba
1414 533 1523 581 plena

204 592 265 627 deo
289 591 515 626 demonstrari
539 595 573 625 et
596 591 778 626 verborum
807 591 1028 626 collocatione
1055 596 1090 626 et
1112 589 1283 626 Gallionis
1315 591 1439 625 festiva
1463 591 1523 625 illa

206 650 426 698 usurpatione
450 655 484 686 et
508 650 628 686 Ovidii
650 655 765 698 aperta
787 651 1009 687 mutuatione.
1057 649 1162 695 Quod
1199 651 1228 685 si
1263 656 1326 695 est,
1362 651 1522 686 tollemus

204 711 360 746 fallacem
384 715 500 746 notam
524 716 625 757 atque
650 711 838 746 tenebimus
863 711 1035 746 imitatum
1059 723 1134 746 esse
1150 711 1302 746 Fuscum
1318 711 1383 746 hoc
1408 711 1523 758 ipsum

196 771 306 819 plena
331 770 402 814 deo,
428 775 602 817 praeterea
624 770 721 806 nihil.
770 770 870 806 Nihil
904 775 1018 806 autem
1052 771 1133 816 agit,
1164 790 1208 795 -—
1232 775 1271 805 ut
1305 770 1373 805 iam
1409 770 1452 805 ad
1487 771 1523 806 id

206 842 274 876 quo
298 830 470 866 tendimus
496 831 683 875 veniamus,
708 849 752 856 -——
778 831 807 866 si
831 831 909 877 quis
932 831 1042 878 ipsius
1062 830 1166 866 Fusci
1193 831 1297 866 verba
1312 830 1524 877 quibuslibet

204 890 281 924 aliis
318 889 528 935 Vergilianis
565 890 648 925 locis
686 890 797 925 allatis
833 890 1013 925 emendare
1049 890 1194 925 studeat.
1242 890 1323 937 Ipse
1358 890 1407 924 ait
1435 890 1520 925 illud

205 949 423 996 potissimum
459 949 524 985 sibi
559 954 637 984 ante
672 949 788 984 oculos
825 949 945 985 fuisse:
982 961 1045 984 nos
1080 949 1160 984 licet
1195 948 1383 984 iudicemus
1423 949 1522 985 valde

205 1008 348 1043 liberam
364 1020 439 1043 esse
455 1009 690 1052 imitationem,
715 1009 826 1044 aliena
847 1009 878 1043 ei
894 1008 1074 1043 obtrudere
1090 1021 1159 1043 non
1183 1008 1356 1043 debemus.
1405 1007 1521 1052 Quam

205 1068 249 1102 ob
272 1080 346 1102 rem
369 1068 581 1103 emendaturi
604 1068 695 1103 haud
720 1067 822 1103 dubie
850 1072 1010 1114 corrupta
1037 1067 1142 1102 verba
1165 1081 1226 1102 cur
1250 1068 1312 1103 iste
1335 1068 1424 1103 inter
1448 1070 1521 1104 eius

209 1129 434 1163 ministerium
453 1129 606 1176 placuit?
631 1141 700 1163 non
730 1128 778 1162 sic
806 1127 1136 1173 argumentabimur,
1167 1132 1205 1161 ut
1234 1126 1313 1162 fecit
1342 1126 1518 1163 Schultin-

205 1187 283 1232 gius
309 1187 395 1232 (not.
420 1200 453 1234 p.
483 1187 561 1232 34):
598 1187 708 1231 ,Nihil
743 1186 842 1222 video
877 1187 914 1221 in
950 1186 1005 1221 his
1037 1186 1291 1231 virgilianum‘.
1340 1186 1431 1222 Cum
1455 1199 1522 1233 quo

208 1247 322 1292 aliquo
346 1247 446 1281 modo
470 1247 638 1281 consentit
661 1247 853 1281 Bassianus
878 1247 974 1293 (spic.
1001 1246 1073 1281 crit.
1099 1259 1132 1293 p.
1156 1245 1212 1290 5),
1238 1246 1314 1291 qui,
1339 1251 1520 1293 postquam

205 1312 293 1343 recte
318 1306 480 1341 mendum
503 1306 669 1353 patefecit,
704 1305 920 1341 scribendum
946 1304 1029 1340 dicit
1052 1305 1107 1341 vel
1131 1307 1168 1341 in
1191 1306 1286 1341 triste
1309 1305 1365 1340 vel
1388 1307 1425 1341 in
1437 1307 1521 1354 foe-

207 1367 295 1410 divas,
321 1371 354 1401 et
377 1366 485 1402 addit:
510 1371 704 1412 ,utrumque
727 1365 820 1401 enim
842 1365 1078 1410 Vergilianum
1102 1370 1170 1409 est3
1194 1365 1237 1400 cf.
1255 1365 1343 1400 Aen.
1362 1365 1424 1409 VI,
1450 1367 1521 1402 223

208 1428 304 1462 triste
333 1427 559 1462 ministerium
594 1431 628 1461 et
662 1425 742 1469 Vll,
767 1426 835 1461 619
859 1425 974 1473 foeda
997 1425 1209 1461 mz'msteria‘.
1263 1424 1337 1460 Iam
1361 1438 1439 1461 vero
1463 1439 1524 1473 per

207 1499 243 1521 se
279 1491 460 1532 utrumque
495 1499 515 1520 a
551 1485 674 1520 tradita
708 1484 873 1520 memoria
907 1489 1001 1520 tanto
1036 1497 1135 1532 opere
1163 1485 1299 1529 recedit,
1329 1491 1367 1520 ut
1389 1486 1521 1522 nullam

206 1546 329 1582 habeat
352 1546 416 1581 hac
440 1558 483 1581 ex
505 1551 601 1593 parte
624 1544 905 1592 probabilitatem,
922 1549 1041 1590 estque
1056 1546 1119 1580 iste
1135 1546 1171 1580 in
1187 1546 1281 1580 triste
1304 1549 1522 1594 κακοφωνία,

207 1618 311 1652 quam
335 1605 497 1641 delicatae
525 1605 698 1640 rhetorum
728 1616 826 1640 aures
856 1604 929 1639 sine
958 1603 1062 1639 dubio
1091 1605 1305 1651 respuebant.
1353 1605 1428 1652 Ego
1451 1606 1481 1642 F
1483 1620 1522 1641 u-

207 1677 302 1700 scum
331 1665 431 1701 credo
460 1665 603 1701 dixisse:
638 1678 698 1699 cur
727 1665 787 1699 iste
816 1663 890 1708 (in)
919 1665 1096 1699 interius
1128 1666 1352 1700 mim'stevium
1371 1666 1526 1713 placuit?

206 1725 277 1761 Cfr.
296 1724 373 1760 Liv.
389 1723 583 1759 XXXXII.
604 1724 681 1769 17‚4
701 1737 794 1772 spem
816 1724 986 1759 amicitiae
1007 1724 1190 1759 mterioris.
1238 1724 1317 1759 Tac.
1339 1724 1434 1761 Hist.
1451 1725 1480 1761 I.
1501 1728 1522 1761 2

205 1787 398 1821 interiorem
418 1787 618 1833 potentiam.
642 1804 686 1808 —
710 1783 841 1819 Eadem
865 1783 1115 1830 praepositione
1143 1786 1180 1820 in
1203 1785 1331 1820 inserta
1354 1784 1469 1821 Suas.
1493 1786 1522 1821 Ι.

207 1845 259 1880 15.
284 1857 317 1891 p.
344 1845 419 1887 102
445 1843 626 1889 legendum
650 1848 732 1890 puto
758 1856 852 1878 nemo
874 1844 1013 1878 illorum
1031 1845 1146 1891 potuit
1162 1852 1252 1879 tanto
1268 1846 1396 1892 spiritu
1412 1845 1524 1881 dicere

206 1912 329 1952 quanto
352 1903 454 1949 Pedo,
480 1905 542 1951 qui
563 1902 628 1947 (in)
656 1903 833 1951 navae'yante
861 1902 1064 1938 Germanico
1096 1903 1181 1938 dicit
1212 1917 1279 1950 eqs.
1328 1903 1468 1939 Tradita
1490 1909 1525 1939 et

207 1963 404 2010 pervulgata
428 1962 526 1998 lectio
550 1962 635 1997 mihi
658 1961 782 1997 Latina
805 1973 875 1996 non
899 1961 1080 2006 videtur1),
1110 1962 1291 2008 siquidem,
1316 1982 1362 1986 —
1385 1962 1427 1998 de
1456 1975 1524 2010 quo

206 2023 264 2058 vix
289 2035 391 2058 sanus
417 2022 599 2068 quisquam
623 2021 802 2065 dubitabit,
827 2040 872 2045 —
895 2020 989 2056 Pedo
1013 2021 1078 2057 hoc
1093 2022 1228 2069 epicum
1252 2035 1400 2069 carmen,
1425 2023 1523 2058 cuius

204 2133 283 2162 hunc
303 2133 429 2161 modum:
454 2132 516 2171 ipse
535 2140 650 2171 quoque
668 2130 722 2160 hoc
732 2130 873 2169 futurum
895 2130 1102 2170 provideram,
1124 2135 1167 2167 ut,
1188 2132 1345 2161 memoriae
1367 2132 1428 2161 eius
1453 2141 1525 2173 quo-

204 2180 276 2209 tiens
295 2180 408 2209 occasio
420 2178 541 2217 fuisset,
559 2176 716 2216 difficulter
735 2176 884 2207 avellerer.
922 2176 1085 2207 Novissimi
1105 2178 1237 2207 editores
1257 2180 1292 2207 ut
1310 2177 1427 2215 pn'ores
1453 2182 1525 2216 post

204 2226 264 2256 eius
284 2233 399 2255 comma
417 2226 541 2262 ponunt,
563 2223 639 2260 quod
660 2223 686 2253 si
706 2225 748 2260 fit,
767 2223 940 2252 necessario
961 2223 1148 2253 scribendum
1162 2225 1253 2253 etiam
1268 2227 1316 2254 est
1334 2234 1355 2254 a
1373 2226 1523 2259 mmor-ia.

204 2273 282 2302 sicut
302 2272 371 2302 olim
389 2271 560 2309 vulgabant.

315 2339 337 2375 1)
360 2337 409 2368 Sic
434 2338 559 2366 Contr.
585 2336 610 2366 Ι.
635 2338 689 2370 7,5.
714 2345 741 2373 p.
769 2338 849 2371 1224
874 2340 943 2366 tunc
963 2338 1092 2376 primum
1115 2347 1197 2377 eyere
1222 2338 1355 2377 queritur
1377 2339 1441 2374 iste,
1459 2348 1525 2369 cum

203 2394 309 2415 manus
327 2393 407 2415 meas
425 2383 508 2420 vidit,
526 2385 561 2413 ut
579 2382 722 2412 Latinum
741 2383 803 2416 fiat,
824 2381 1014 2413 scribendum
1034 2392 1115 2422 eyere
1136 2382 1351 2424 (se)·queritur
1370 2408 1376 2414 .
1397 2406 1405 2414 .
1425 2406 1433 2414 .
