1740 2765
748 105 975 151 -'14.-

310 217 429 254 Suas.
454 218 482 253 I.
511 219 563 254 16.
588 231 620 265 p.
649 220 725 258 11,1
753 219 998 265 pervulgantur
1021 218 1123 259 haec:
1156 219 1215 253 Ex
1239 218 1383 253 Graecis
1404 217 1515 254 decla-

199 279 385 314 matoribus
408 278 499 313 nulli
519 278 638 313 melius
662 277 744 313 haec
767 280 927 314 suasoria
946 279 1113 327 processit
1143 291 1245 326 quum
1268 277 1429 325 Glyconi5
1458 270 1533 312 aeds
1591 276 1594 278 ’

199 352 265 374 non
290 339 401 374 mimas
424 339 530 373 multa
557 339 733 386 maynifi'ce
769 338 861 373 dixit
896 352 997 385 quam
1033 346 1198 386 corrupte,
1224 358 1259 363 —
1291 349 1378 383 quae
1413 349 1519 383 prava

199 409 274 432 esse
299 397 543 431 sententiarum
568 408 700 431 conexu
716 397 895 431 evincitur.
916 424 920 428 «
944 396 1044 441 Quae
1059 397 1258 444 *enim-post
1284 396 1346 431 sed
1368 393 1518 442 sequun-

200 463 256 492 tur
279 456 526 492 restrictionem
552 456 656 501 (bona
680 457 777 492 venia
801 463 861 492 tua
884 457 1030 506 dixerim
1039 457 1065 502 !)
1089 447 1260 504 quandam
1285 455 1519 504 praecedentis,

200 517 368 560 enuntiati
408 517 600 561 continent3
636 517 731 563 atqui
771 517 921 552 demitur
956 518 1086 565 aliquid
1122 517 1164 566 de
1202 513 1302 568 laude
1341 516 1533 553 universaz-
1566 543 1571 546 -

154 596 165 606 x
202 577 305 613 scribi
342 577 446 624 igitur
481 577 596 614 debet:
633 578 695 613 sed
727 591 795 614 non
823 579 935 614 minus
958 579 1065 614 multa
1089 585 1281 627 corrupte
1305 577 1396 613 dixit
1419 582 1522 625 quam

200 653 262 674 ma
267 640 439 687 quif'ice.
831 633 835 636 ’
1164 645 1166 647 ’
1222 669 1224 671 ,

312 705 417 741 snas
454 705 515 741 VI.
552 707 585 742 5.
623 719 655 753 p.
692 706 797 750 3620
831 707 868 741 in
904 707 1018 742 verbis
1054 707 1158 743 Fusci
1179 694 1294 743 'A'rem
1315 702 1519 752 auoquenfis
1559 724 1562 727 >

202 764 403 801 Ciceronem
427 755 472 801 an
496 766 689 801 Antonium
714 766 910 813 deprecetur
944 766 1189 802 deliberantem
1224 766 1319 802 locus
1347 766 1520 802 invenitur
1563 766 1574 798 s

201 825 299 860 valde
322 831 509 869 contortuS,
533 825 577 860 ad
600 837 702 871 quem
738 815 999 873 expediendum‘
1021 820 1213 873 complures
1242 815 1309 861 iam
1341 826 1406 860 viri
1429 825 1518 860 docti

202 897 276 920 sese
299 885 529 928 accinxerunt,
554 897 624 920 non
647 890 771 930 tamen,
798 891 835 920 ut
859 885 1009 931 videtur,
1034 898 1106 921 rem
1131 886 1364 933 profligarunt.
1429 883 1519 920 Sunt

202 945 391 980 secundum
407 944 661 991 Kiesslingium
684 947 790 981 verba
814 946 913 982 haec:
944 947 1022 982 Non
1046 954 1076 981 te
1092 947 1251 994 iynobilis
1275 946 1422 981 tumulus
1445 945 1518 980 ahs-

202 1006 336 1050 eoudet3
370 1005 460 1041 idem
495 1007 632 1041 virtutis
668 1014 744 1041 tuae
779 1007 842 1054 qui
862 1007 950 1053 finis
982 1013 1029 1041 est
1063 1007 1268 1041 mortalium.
1298 1008 1519 1041 humanorum

202 1080 341 1113 operum
365 1073 475 1101 custos
498 1068 689 1108 memorz’a1)
715 1093 722 1100 .
749 1094 757 1102 .
784 1093 791 1101 .
817 1068 853 1102 in
878 1068 991 1101 omm'a
1020 1073 1049 1101 te
1071 1067 1208 1102 saecula
1231 1074 1403 1101 sacratum
1426 1065 1521 1099 dabit

201 1138 269 1172 αρε.
297 1145 339 1149 -
364 1126 574 1169 Mortalium,
599 1125 690 1171 quod
714 1126 845 1172 primus
869 1125 1011 1172 protulit
1035 1124 1243 1168 Gronovius,
1270 1145 1313 1149 -—
1336 1124 1432 1160 codd.
1459 1124 1517 1158 ha-

200 1185 282 1220 bent
305 1186 559 1230 immortalium,
587 1205 629 1209 —
654 1198 769 1220 meum
794 1198 933 1220 sensum
958 1186 987 1220 si
1011 1185 1153 1220 consulo
1166 1213 1174 1229 ,
1200 1196 1339 1231 prorsus
1363 1183 1518 1230 ineptum

201 1249 269 1280 est:
295 1244 373 1290 quis
397 1244 500 1289 enim,
527 1245 557 1279 si
581 1245 635 1279 cui
659 1245 895 1280 aeternitatem
920 1245 1104 1291 promittat,
1141 1244 1207 1279 isto
1232 1243 1334 1279 modo
1363 1243 1520 1289 loquetur

201 1304 243 1339 de
267 1305 489 1341 mortalibus?
533 1303 646 1348 Quod.
662 1302 762 1340 Suas.
790 1304 870 1340 VII.
894 1305 928 1349 8,
953 1317 1056 1351 quem
1081 1305 1194 1340 locum
1218 1304 1276 1340 ille
1307 1302 1433 1346 laudat,
1466 1301 1518 1337 di·

201 1364 289 1399 citur
313 1365 428 1411 quoad
448 1366 631 1400 humanum
651 1379 758 1413 yenus
782 1366 945 1400 incolume
969 1366 1142 1408 manserit,
1177 1368 1317 1411 apparet
1348 1375 1421 1398 rem
1444 1374 1519 1397 esse

201 1423 302 1471 plane
326 1423 511 1459 diversam.
558 1423 665 1459 Porro
690 1423 784 1470 quod
800 1425 1022 1459 humanorum
1039 1437 1178 1472 operum
1194 1428 1312 1459 custos
1328 1421 1519 1470 appellatur

202 1484 384 1528 memoria,
421 1484 525 1519 nimis
562 1484 664 1519 inane
700 1484 816 1530 reique
852 1497 974 1532 parum
1010 1483 1303 1520 accommodatum
1338 1488 1392 1518 est
1427 1481 1519 1517 adie-

201 1544 340 1578 ctivum.
390 1543 440 1579 Ut
467 1549 582 1578 autem
611 1544 676 1579 hoc
715 1545 829 1590 ipsum
869 1546 1091 1579 humanorum
1127 1544 1356 1590 repudiamus,
1393 1543 1442 1578 ita
1476 1556 1519 1577 ne

202 1603 313 1649 priore
359 1602 498 1649 quidem
544 1602 618 1637 loco
663 1615 742 1638 cum
790 1602 1006 1649 Schultingio
1055 1604 1144 1647 (not.
1170 1615 1202 1650 p.
1227 1602 1290 1647 43)
1333 1602 1520 1637 tutabimur

202 1665 456 1700 immortalium.
509 1662 649 1699 Urendo
688 1669 722 1699 et
763 1663 908 1700 secando
948 1676 1034 1712 opus
1073 1677 1148 1700 esse
1187 1670 1281 1700 ratus
1321 1662 1519 1709 Madvigius

202 1724 359 1770 scripsit:
396 1724 487 1759 idem
529 1725 665 1759 virtutis·
700 1731 777 1759 tuae
813 1724 990 1771 (vitae)que
1019 1726 1103 1771 flm's
1138 1733 1194 1759 est.
1273 1724 1523 1758 Immortalium

202 1797 342 1833 operum
372 1797 439 1832 eqs.
487 1781 638 1820 Sustulit
672 1783 787 1830 igitur,
826 1789 863 1819 ut
898 1783 966 1820 alia
1001 1784 1326 1833 praetermittamus,
1363 1782 1521 1819 voculam

201 1847 440 1881 humanorum:
481 1853 516 1879 at
556 1851 607 1879 est
648 1845 712 1880 hoc
747 1845 952 1880 emendandi
991 1858 1099 1890 genus
1135 1846 1170 1879 in
1206 1845 1260 1879 his
1296 1844 1393 1879 libris
1422 1844 1521 1878 valde

201 1903 388 1948 lubricum3
421 1915 589 1951 perpauca
624 1903 831 1950 glossemata
866 1903 967 1939 certis
998 1903 1208 1949 argumentis
1238 1902 1368 1938 detecta
1399 1903 1520 1946 sunt,²)

201 1976 313 2010 neque
349 1976 412 2009 ego
449 1963 507 2000 hic
541 1963 712 2010 glossema
735 1964 943 2010 agnoverim.
994 1964 1087 2000 Bene
1123 1969 1238 2000 autem
1274 1963 1338 1999 hoc
1374 1963 1522 1999 sensisse

313 2103 335 2140 ¹)
356 2102 444 2140 Quae
461 2102 624 2132 interiecta
643 2106 715 2132 sunt
734 2104 832 2137 verba,
854 2112 890 2133 ea
908 2104 953 2134 ita
971 2104 1100 2142 legenda
1129 2103 1273 2133 arbitror:
1304 2112 1380 2144 quae
1406 2105 1521 2143 maqm's

200 2149 273 2178 viris
301 2150 364 2178 vita
390 2154 534 2187 perpetua
564 2154 616 2185 est,
641 2149 738 2186 (codd.
758 2159 813 2190 que
832 2159 938 2180 manus
957 2151 1015 2179 viri
1033 2151 1094 2179 vita
1107 2154 1254 2189 perpetua
1273 2150 1339 2185 est);
1363 2158 1424 2178 non
1443 2150 1521 2179 enim

202 2202 276 2231 opus
307 2197 355 2223 est
384 2203 451 2224 cum
479 2195 669 2234 Kiesslingio
697 2198 858 2232 praeterea
886 2197 977 2226 vitam
1006 2200 1163 2236 perpetuat
1196 2194 1328 2224 scribere
1362 2198 1416 2225 aut
1444 2195 1520 2225 alios

202 2240 365 2272 audaciora
383 2241 544 2272 molientes
565 2242 659 2279 sequi.

312 2315 336 2352 ²)
357 2315 407 2345 Sic
426 2318 510 2345 recte
528 2324 557 2352 p.
576 2317 641 2349 45,5
658 2320 753 2346 morte
769 2324 790 2345 a
807 2316 972 2354 Madvigim
1002 2325 1032 2354 p.
1063 2317 1160 2350 157,21
1176 2316 1327 2356 praelium
1344 2326 1363 2346 a
1382 2317 1520 2347 Vahleno

202 2359 313 2391 deleta.
353 2360 423 2398 Ipse
443 2362 514 2391 talis
534 2362 778 2399 interpolationis
799 2362 965 2399 exemplum
986 2363 1062 2392 satis
1082 2365 1196 2393 certum
1216 2372 1275 2393 non
1295 2364 1421 2401 repperi.
