1683 2802
148 253 272 284 servos,
296 240 385 276 hunc
403 241 507 289 feeit.
543 253 577 288 p.
601 239 704 284 513‚7
732 240 929 290 Garyonius
952 241 1056 275 multo
1084 241 1228 283 stultius,
1262 252 1367 287 quare
1391 239 1476 274 Pro—

149 301 273 336 methei
290 300 499 337 Parrhasius
515 301 723 349 supplicium
743 302 922 348 pz'noeiaeet.
929 299 959 345 ¹)
1014 299 1148 335 Deinde
1165 312 1245 335 vero
1262 297 1476 334 desideratur

153 359 305 407 inipso
339 360 453 397 colore
489 359 691 403 subiectum,
729 360 773 395 ad
808 359 900 407 quod
935 359 1054 395 referri
1088 359 1192 395 etiam
1227 359 1337 406 possit
1367 359 1475 406 illum,

152 418 256 464 Quod
280 420 418 467 quidem
435 419 666 467 reciperemus
684 420 883 467 simpliciter
898 420 1041 467 repetito
1056 419 1271 466 praecedenti
1286 419 1457 455 vocabulo

153 479 362 528 (patrem)
386 493 584 529 suspensum
608 493 676 515 esse
701 479 839 525 (nolui.)
860 481 956 516 volui
976 481 1090 515 statim
1114 493 1179 527 eqs.
1190 479 1219 524 ²)

265 538 413 576 Contr.
432 539 480 576 II.
507 540 595 584 12‚4.
620 552 653 587 p.
670 540 809 585 196,10:
835 553 930 576 nemo
962 541 1035 576 eine
1067 541 1150 575 vitio
1182 548 1248 575 est:
1284 541 1321 575 in
1352 540 1477 575 Catone

151 600 348 643 moderatio,
373 601 410 635 in
426 600 592 635 Cicerone
615 601 813 644 constantia,
838 602 875 636 in
898 600 997 636 Sulla
1021 600 1196 635 clementia
1220 598 1475 643 (desideratur.)

153 658 268 705 Vulgo
291 658 349 694 hic
369 658 524 694 omnium
539 658 637 694 codd.
653 659 753 694 lectio
769 671 890 695 manca
906 658 1085 707 suppletur
1100 658 1232 694 adiecto
1251 659 1475 695 desideratur.

156 718 230 758 Cui.
254 718 485 754 additamento
520 723 609 754 recte
642 718 775 754 diffisus
806 718 1044 764 Schultingius
1077 720 1161 762 (not.
1193 731 1226 765 p.
1258 719 1343 763 166)
1374 718 1478 753 aliam

155 779 249 815 viam
284 778 412 813 frustra
446 778 624 825 quaesivit.
689 778 814 824 Fauor,
859 784 918 814 aut
954 778 1084 815 Seneca
1126 779 1237 815 dedit:
1275 791 1371 814 nemo
1405 779 1478 813 sine

153 841 242 875 vilio
266 847 328 875 esc.-
365 838 412 884 (d
419 838 522 883 eest)
547 840 584 874 in
607 839 731 875 Catone
754 854 822 889 eqs.
851 838 924 875 Gfr.
957 852 990 887 p.
1004 839 1083 883 66,5
1114 853 1174 875 nec
1203 840 1317 875 deerat
1346 840 1384 874 in
1412 839 1473 873 illo

156 899 238 945 (hoc
260 898 531 943 fundamentum,
549 910 595 934 sc.
621 899 823 945 subtilitas).

264 957 407 995 Gontr.
426 957 474 993 II.
503 958 589 998 14,3.
615 971 649 1006 p.
673 959 818 1004 217‚12:
843 959 976 995 ostendi
996 960 1062 995 tibi
1082 966 1140 995 tua
1163 960 1249 994 vitia
1274 972 1359 1006 quae
1383 960 1420 994 in
1445 966 1475 993 te

154 1032 222 1054 non
253 1018 400 1053 videbas.
454 1017 628 1053 Pleniores
657 1018 754 1053 codd.
783 1018 840 1053 hic
868 1030 986 1053 omnes
1014 1018 1177 1054 exhibent
1201 1019 1266 1053 tibi
1287 1018 1417 1053 lumina
1442 1032 1478 1065 q;

156 1079 194 1114 in
217 1084 258 1121 te,
282 1076 317 1112 id
341 1077 433 1124 quod
449 1077 607 1114 videlicet
628 1090 731 1113 sensu
747 1083 849 1114 caret.
882 1078 1002 1125 Longe
1017 1077 1111 1114 aliud
1126 1078 1289 1125 praebent
1304 1082 1476 1124 excerpta:

157 1139 332 1173 lumriam
363 1152 464 1185 quam
493 1140 530 1174 in
558 1146 598 1182 te,
632 1138 723 1185 quod
750 1138 833 1174 olim
862 1138 966 1184 vulgo
996 1143 1172 1185 receptum
1201 1143 1268 1182 est,
1301 1143 1478 1185 potestqoe

157 1196 308 1245 profecto
332 1197 442 1245 primo
466 1197 587 1233 obtutu
611 1197 736 1233 blanda
759 1198 870 1246 specie
894 1198 1022 1234 fallere.
1070 1197 1146 1244 Ego
1170 1203 1209 1232 ut
1225 1210 1346 1232 verum
1362 1201 1478 1244 putem

159 1256 281 1292 adduci
309 1269 456 1303 nequeo:
493 1262 626 1293 constat
658 1270 738 1293 sane
770 1262 928 1305 excerpta
958 1257 1157 1305 saepissime
1189 1257 1349 1292 omnibus
1384 1256 1477 1292 codi—

158 1316 256 1351 cibus
280 1316 489 1363 plenioribus
513 1317 623 1352 lucem
647 1316 785 1360 afferre,
818 1321 1053 1352 verumtamen
1078 1329 1148 1352 non
1172 1317 1286 1351 minus
1312 1328 1411 1363 saepe
1435 1316 1476 1358 is,

158 1376 218 1423 qui
240 1375 325 1412 haec
348 1375 457 1411 frusta
480 1376 519 1411 in
541 1388 642 1411 usum
667 1389 767 1412 suum
782 1376 928 1423 collegit,
953 1377 1090 1423 ingenio
1108 1381 1161 1412 sat
1177 1375 1297 1424 pingui
1313 1375 1477 1411 orationis

155 1436 303 1471 >formam
326 1441 361 1471 et
385 1435 461 1482 ipsa
484 1436 589 1471 verba
613 1437 775 1480 mutavit3
810 1437 965 1472 cautione
993 1442 1109 1471 autem
1138 1436 1193 1471 vel
1222 1436 1368 1471 maxime
1391 1447 1477 1482 opus
1509 1429 1525 1445 '¹

159 1500 226 1541 est,
260 1507 353 1540 cum,
378 1515 424 1519 ——
447 1502 485 1530 ut
512 1496 552 1530 fit
579 1502 695 1531 nostro
722 1496 810 1540 loco,
835 1515 880 1520 —
918 1496 1164 1543 discrepantiae
1193 1507 1295 1531 causa
1323 1501 1356 1530 et
1383 1495 1478 1541 origo

161 1568 232 1590 non
258 1560 361 1602 patet.
410 1551 526 1590 Invita
541 1555 700 1591 Minerva
723 1556 939 1592 coniecerunt
955 1555 1193 1600 Schultingius
1213 1556 1368 1603 plurima
1392 1569 1477 1602 quae

163 1619 196 1650 et
219 1613 372 1649 Haasius
397 1616 556 1651 luaeuriae
580 1615 706 1651 damna
730 1629 825 1662 quae,
857 1620 891 1650 et
913 1628 957 1650 ne
979 1614 1212 1660 Kiesslingius
1237 1614 1387 1661 quidem,
1417 1613 1477 1659 qui

160 1673 323 1709 audacius
363 1674 500 1720 scripsit
545 1682 603 1710 tua
642 1676 727 1710 vitia
763 1688 857 1722 quae,
894 1674 1128 1720 quaestionem
1166 1674 1324 1709 absolvit.
1387 1672 1478 1708 Mihi

160 1745 361 1780 persuasum
373 1738 426 1768 est
442 1734 505 1768 sub
522 1735 652 1770 lumina
668 1734 771 1769 latere
788 1736 980 1777 crimina,
999 1734 1268 1779 sententiamque
1280 1733 1478 1768 universam

160 1792 210 1828 sic
232 1804 307 1827 esse
328 1792 567 1839 reparandam:
597 1793 730 1828 ostendi
750 1794 815 1829 tibi
836 1795 904 1828 cri
909 1795 1018 1828 mina
1043 1792 1158 1837 (tua)
1185 1807 1270 1840 quae
1295 1794 1331 1828 in
1358 1801 1387 1827 te
1410 1805 1478 1827 non

160 1852 310 1888 videbas,
358 1851 428 1888 Fac
449 1857 563 1887 autem
587 1852 847 1897 animadvertas,
878 1857 915 1887 ut
943 1851 1034 1900 apud
1064 1852 1149 1887 alios
1181 1852 1377 1900 posterioris
1402 1851 1478 1887 aevi

161 1913 353 1959 scriptores,
391 1914 437 1947 ita
471 1913 509 1947 in
544 1912 599 1947 his
635 1913 731 1948 libris
767 1925 928 1960 persaepe
957 1915 1084 1948 crimen
1113 1913 1205 1948 idem
1233 1913 1347 1947 valere
1376 1917 1479 1957 atque

161 1973 272 2020 culpa,
290 1973 409 2016 scelus,
424 1973 610 2021 flayitz'um.
636 1971 792 2008 Sufficiet
807 1972 891 2008 haec
906 1972 1077 2009 attulisse:
1103 1985 1136 2019 p.
1152 1970 1288 2016 179,12.
1306 1971 1479 2019 p.195‚26.

161 2043 194 2078 p.
222 2031 334 2075 196‚9.
358 2044 391 2078 p.
416 2032 554 2075 215‚20.
579 2045 612 2078 p.
636 2032 764 2076 477‚13
789 2032 867 2078 (qui
890 2032 985 2067 locus
1021 2037 1138 2067 nostro
1162 2032 1333 2078 imprimis
1365 2031 1478 2067 consi-

163 2089 256 2125 milis
272 2090 354 2136 est).
383 2103 417 2139 p.
442 2091 579 2138 488‚21.

273 2182 296 2218 ¹)
317 2182 392 2211 Cum
411 2183 521 2212 ceteris
541 2182 623 2217 locis,
643 2182 695 2212 ubi
712 2182 858 2219 particula
882 2192 975 2222 quare
1001 2183 1044 2212 sic
1063 2183 1197 2219 ponitur,
1222 2185 1305 2211 recte
1329 2182 1480 2211 adhibitus

163 2226 205 2256 sit
224 2226 330 2264 modus
349 2228 401 2264 qui
424 2231 552 2258 vocatur
575 2229 797 2263 coniunctivus,
821 2231 895 2265 puto
920 2228 1012 2258 etiam
1036 2229 1159 2258 Gontr.
1178 2228 1220 2257 [L
1243 2230 1331 2261 13‚14.
1350 2236 1379 2265 p.
1398 2229 1482 2264 2113

163 2271 288 2310 Quaeris
307 2283 400 2315 quare
417 2285 477 2306 mm
490 2275 624 2316 peperit?
643 2275 864 2305 restituendum
883 2283 949 2305 esse
962 2276 1157 2315 pepererit.

273 2320 297 2356 ²)
318 2320 487 2357 [Vahlenus
507 2324 630 2358 accepta
650 2330 717 2351 mea
736 2322 943 2351 emendatione
967 2321 1119 2358 aliquanto
1143 2324 1246 2350 tamen
1266 2321 1428 2358 simplicius
1449 2324 1481 2350 et

161 2365 342 2401 probabilius
368 2367 588 2398 restituendum
613 2367 729 2398 censet:
756 2372 865 2408 raptae
884 2373 1017 2408 patrem:
1048 2367 1163 2405 (nolui
1181 2366 1338 2407 patrem)
1362 2376 1482 2407 suspen-

162 2418 226 2440 sum
244 2420 305 2441 esse
331 2412 411 2442 volui
428 2415 528 2443 statim
547 2415 617 2454 equ]

1281 2471 1317 2502 2*
