1683 2802
714 123 933 158 -11-

171 229 205 259 et
228 236 372 271 pravum
395 229 447 259 est
471 230 669 271 utrumque:
695 224 892 271 simpliciter
915 223 1104 259 tollendum
1140 230 1191 259 est
1227 225 1329 268 milei,
1369 231 1485 271 utpote

171 288 290 317 natum
325 295 366 318 ex
401 283 444 318 iis
479 296 565 330 quae
601 283 754 330 proxime
785 283 993 331 praecedunt
1026 284 1087 319 sed
1119 297 1186 319 non
1220 285 1312 319 mihi.
1374 283 1484 319 Cuius

173 341 419 377 emendationis
444 355 511 390 quo
535 347 698 389 augeatur
719 343 815 389 fides,
842 343 919 378 vide
943 343 991 377 sis
1016 343 1120 377 totius
1136 342 1297 377 orationis
1314 347 1484 378 tenorem:

172 404 193 447 ξ
217 403 239 438 4
263 403 370 440 Latro
389 405 543 453 primam
554 403 648 451 feeit
672 405 906 451 quaestionem,
942 401 963 448 ξ
986 404 1010 439 5
1034 403 1175 440 alteram
1186 403 1293 451 fecit,
1330 402 1350 449 ξ
1375 403 1397 439 6
1421 411 1484 439 ter-

172 465 254 499 tiam
266 464 369 512 fecit.

284 532 429 570 Contr.
453 533 480 568 I.
507 533 572 577 7,3.
598 545 630 580 p.
659 533 772 578 121‚1:
797 535 908 578 Quare
931 548 1000 570 non
1024 534 1100 569 alo?
1121 535 1203 581 quia
1224 541 1357 583 captum
1366 533 1484 581 filium

172 602 264 629 tuum
288 613 334 617 —
358 602 444 628 certe
461 607 589 641 parum
613 602 661 629 esc
683 595 719 629 si
738 594 858 630 diaero
881 608 949 629 non
977 593 1159 629 redemisti.
1220 592 1351 628 Omnes
1387 592 1484 628 codd.

173 653 229 687 hic
251 652 412 687 exhibent
436 652 637 698 scripturam
660 653 858 688 mendosam
882 667 981 700 aqere
1011 667 1150 700 parum.
1210 652 1276 687 Per
1311 652 1485 699 complura

172 712 305 749 saecula
328 712 502 758 legebatur
517 725 559 748 ex
574 712 763 749 coniectura
779 713 981 761 speciosiore
1001 724 1105 760 quam
1123 711 1253 748 veriore
1269 726 1329 761 aye
1340 723 1483 761 parum:

170 778 260 807 recte
284 772 374 807 enim
398 785 506 819 nuper
529 773 746 808 observatum
769 778 821 807 est
844 785 914 808 non
938 772 988 807 uti
1012 772 1072 807 illa
1095 772 1205 807 forma
1227 770 1392 807 Senecam
1416 772 1484 806 nisi

171 832 230 868 ubi
253 831 396 867 infertur
419 832 646 877 interrogatio.
706 831 823 876 Quare
845 831 1081 878 Kiesslingius
1110 830 1217 866 edidit
1241 839 1327 867 certe
1347 846 1483 879 parum,

171 894 230 941 qui
257 899 369 930 tamen
394 894 430 929 in
454 893 558 942 praef.
583 907 616 942 p.
640 893 733 930 XIII
760 894 834 942 ipse
862 893 927 930 sibi
951 893 1088 929 diffisus
1113 892 1232 929 scribit
1254 892 1356 928 haec:
1392 890 1483 937 „for-

171 958 262 988 tasse
284 958 450 1001 praestat:
475 962 511 988 at
534 961 625 988 certa
639 968 771 1001 parum
794 953 876 988 est“.
922 953 1012 987 Mihi
1042 958 1202 987 neutrum
1239 953 1366 999 placet:
1402 958 1484 998 puto

171 1012 310 1049 omnino
334 1013 515 1049 delendum
538 1026 612 1049 esse
636 1028 746 1064 ayere,
776 1013 902 1062 quippe
930 1012 1022 1060 quod
1051 1018 1171 1049 natum
1196 1012 1240 1048 sit
1264 1026 1306 1049 ex
1329 1025 1369 1048 eo
1393 1011 1484 1059 quod

170 1078 250 1119 post
286 1073 462 1107 redemisti
494 1073 646 1118 sequitur
680 1074 844 1108 vocabulo
881 1075 982 1109 alere.
1041 1073 1180 1108 Etenim
1216 1073 1307 1108 haud
1335 1074 1384 1107 ita
1406 1085 1483 1107 raro

170 1131 297 1168 factum
332 1136 394 1176 est,
432 1136 469 1166 ut
503 1131 539 1167 in
574 1132 659 1180 ipsis
694 1132 861 1168 eiusmodi
896 1131 1154 1180 repetitionibus
1192 1132 1333 1180 insuper
1372 1131 1483 1167 levius

171 1193 421 1228 committerent
450 1192 589 1228 librarii.
650 1192 707 1229 Sic
742 1207 774 1240 p.
812 1194 932 1238 176,11
972 1192 1205 1238 Kiesslingius
1240 1198 1329 1229 recte
1359 1192 1484 1228 delevit

160 1254 239 1300 fuit
268 1257 380 1287 ortum
408 1264 450 1287 ex
480 1253 633 1298 sequenti
656 1254 767 1300 fecit;
796 1266 828 1300 p.
861 1253 985 1295 120,24
1014 1252 1118 1287 altero
1143 1252 1217 1287 loco
1246 1267 1348 1288 unam
1376 1253 1482 1287 altero

172 1314 241 1348 iam
276 1317 451 1347 exaratum
486 1318 538 1347 est
573 1313 608 1347 in
644 1312 802 1348 omnibus
838 1312 955 1356 codd.;
985 1325 1018 1360 p.
1047 1313 1172 1356 113,17
1195 1312 1301 1347 altera
1325 1311 1481 1347 vocabuli

167 1373 294 1420 pannis
318 1371 451 1419 syllaba
473 1377 650 1418 praecepta
673 1372 836 1419 scriptum
860 1377 912 1406 est
946 1373 1032 1416 nisi3
1069 1371 1172 1407 etiam
1195 1372 1340 1407 maiores
1363 1372 1481 1406 turbas

170 1431 275 1467 habes
299 1445 329 1479 p.
355 1431 468 1476 344‚9.
515 1432 574 1468 Ad
598 1432 833 1469 stabiliendam
868 1432 1030 1468 orationis
1067 1432 1212 1468 formam
1236 1432 1380 1468 conferri
1405 1437 1480 1480 pot-

171 1498 222 1527 est
245 1505 277 1538 p.
303 1493 428 1537 lOl,l5
452 1494 638 1541 Conceptus
662 1502 709 1529 esc
734 1496 793 1528 iste
817 1513 859 1517 -·
886 1507 1015 1540 eoequo
1040 1495 1182 1528 sciemus
1206 1507 1281 1529 cum
1309 1494 1481 1529 adulteros

171 1552 428 1601 deprehendero.

280 1621 421 1658 Oontr.
458 1622 505 1658 II.
545 1623 654 1668 12,12.
691 1636 722 1669 p.
759 1623 958 1659 200—2012
996 1624 1095 1658 Hanc
1119 1625 1382 1658 controversiam
1407 1638 1481 1659 cum

170 1682 372 1717 declamaret
396 1683 570 1717 Maximus
606 1683 695 1717 dimit
731 1684 831 1729 quasi
863 1683 1018 1718 tricolum
1055 1683 1120 1717 tale
1157 1684 1274 1729 qualia
1296 1691 1373 1718 sunt
1398 1698 1483 1730 quae

171 1743 347 1777 basilicam
370 1742 543 1788 infectam.
591 1741 669 1777 Hoc
691 1741 764 1776 loco
780 1741 936 1787 equidem
952 1754 1021 1776 non
1039 1741 1213 1787 intellego,
1231 1742 1343 1788 qualis
1361 1755 1482 1777 sensus

170 1801 314 1847 qualeve
337 1813 479 1837 acumen
503 1801 586 1835 insit
609 1801 645 1835 in
669 1801 834 1836 vocabulo
858 1803 960 1849 quasi
972 1813 1240 1848 persuasumque
1264 1802 1374 1837 habeo
1397 1802 1484 1836 illud

170 1874 212 1897 ex
236 1861 524 1897 antecedentibus:
551 1889 558 1895 .
585 1888 592 1896 .
618 1889 626 1897 .
653 1889 660 1896 .
696 1875 798 1897 unum
821 1869 949 1897 tantum
973 1876 1007 1897 es
1029 1876 1096 1897 uon
1121 1863 1229 1909 quasi,
1267 1877 1383 1912 vappa
1406 1875 1483 1909 per-

170 1935 286 1969 peram
310 1922 490 1968 repetitum
514 1934 597 1956 esse.
644 1921 690 1956 Et
714 1921 811 1957 video
835 1922 903 1957 iam
920 1922 1002 1957 olim
1024 1921 1206 1958 Schottum
1231 1923 1319 1967 (not.
1344 1937 1376 1969 p.
1402 1924 1494 1966 601)Δ

172 1987 261 2017 recte
284 1981 375 2016 idem
400 1982 591 2026 sensisse.¹)
640 1979 708 2016 Sed
731 1987 784 2017 est
806 1981 899 2016 aliud
923 1982 1026 2016 etiam
1050 1982 1194 2028 dignum
1223 1982 1264 2017 de
1288 1995 1356 2029 quo
1381 1995 1483 2029 quae-

280 2094 300 2127 ¹)
320 2091 368 2122 Sic
388 2092 480 2121 etiam
500 2092 623 2121 Contr.
642 2091 684 2120 H.
704 2092 777 2125 9‚39.
796 2100 825 2127 p.
846 2093 936 2127 173‚5‚
956 2092 1007 2120 ubi
1031 2092 1114 2122 cedd.
1133 2092 1246 2122 habent
1268 2097 1360 2122 totam
1379 2093 1486 2133 inquid

170 2137 237 2167 bene
264 2137 339 2167 dixit
366 2138 602 2173 controversiam,
628 2137 681 2167 sed
707 2137 761 2167 hoc
777 2147 881 2176 yenere
908 2147 966 2177 eqs.
995 2138 1105 2167 dudum
1133 2138 1270 2168 inteflexi
1288 2138 1484 2167 inducendum

169 2192 237 2214 esse
256 2184 370 2225 inquid,
389 2183 467 2221 quod
486 2192 523 2214 ex
540 2183 789 2221 praecedentibus
810 2183 850 2220 (v.
870 2184 899 2221 5)
919 2184 977 2214 huc
995 2184 1126 2222 irrepsit.
1179 2185 1295 2215 Seneca
1319 2184 1345 2214 si
1368 2184 1485 2226 quidem

171 2230 352 2268 scripsisset,
380 2231 457 2267 quod
486 2231 642 2267 scripsisse
671 2239 739 2260 eum
765 2234 855 2267 putat
877 2232 1043 2261 Bursianus
1071 2233 1269 2268 probavitque
1287 2232 1485 2269 Kiesslingio‚

171 2279 254 2306 certe
273 2278 342 2313 post
361 2276 429 2306 bene
447 2276 520 2306 illud
537 2276 697 2313 posuisset.
735 2276 825 2305 Modo
839 2277 936 2306 evolvi
955 2277 1177 2307 Gronovianam
1191 2278 1362 2307 editionem:
1382 2278 1484 2306 nescio

156 2332 210 2353 'an
234 2323 427 2363 agnoscenda
455 2323 496 2353 sit
523 2323 601 2353 ratio
630 2325 663 2353 et
693 2323 840 2357 iudicium,
870 2326 954 2353 certe
980 2324 1094 2354 nullum
1121 2324 1161 2354 ibi
1189 2325 1375 2362 importunae
1403 2323 1485 2353 vocis

169 2369 340 2407 vestigium.
