1683 2802
713 117 943 153 ,19-

170 222 262 259 virili
285 224 381 268 parte
403 219 570 255 medelam
592 218 783 264 adhibeam,
807 219 877 255 iam
904 218 1098 255 elaborabo.
1142 218 1303 256 Ceterum
1333 218 1489 255 incedere

168 295 224 319 me
246 281 284 317 in
307 280 381 316 solo
405 280 487 316 satis
511 278 642 316 lubrico
666 279 771 326 probe
794 279 880 325 scio;
910 283 1026 316 tamen
1050 291 1149 327 spero
1172 292 1359 316 memorem
1383 278 1488 316 Cato-

169 342 265 378 niani
289 340 384 377 illius
409 353 494 385 ,rem
516 344 605 384 tene,
632 339 735 375 verba
759 339 970 387 sequenturl‘
1005 344 1096 376 certe
1128 352 1199 375 non
1234 352 1328 376 mera
1355 339 1489 376 somnia

172 414 234 449 pro
258 401 333 449 ipsa
356 401 500 436 veritate
522 412 578 435 me
602 398 857 435 venditaturum
887 411 1004 446 neque
1028 400 1282 436 sanctissimam
1304 400 1402 435 illam
1427 412 1490 435 ne-

172 460 302 496 sciendi
326 465 432 496 artem
457 459 562 495 nimis
587 471 686 506 saepe
710 463 836 494 temere
859 458 1077 494 violaturum.

283 529 546 565 Proficiscamur
558 540 580 562 a
597 528 845 575 perpendendis
862 528 947 564 locis
965 528 1155 572 nonnullis,
1176 528 1234 574 qui
1253 528 1322 563 nisi
1341 528 1487 575 singulis

169 589 375 638 quibusdam
399 588 576 625 vocabulis
600 587 730 624 truncis
755 596 846 625 recte
870 588 1036 637 suppletis
1061 588 1235 637 persanari
1260 593 1441 635 nequeant.

280 658 422 694 Contr.
447 657 476 693 Ι.
501 658 582 702 2,17
607 671 640 705 p.
665 658 804 694 89—90
826 658 1061 706 Kiesslingius
1090 671 1133 694 ex
1159 658 1342 694 Ribbeckii
1371 658 1487 694 conie-

168 724 264 755 ctura
286 717 409 754 edidit:
435 719 571 754 Fuscus
586 731 658 767 pro
678 719 797 767 puella
820 718 964 754 colorem
979 719 1067 754 hunc
1082 718 1291 755 introduxit:
1314 719 1489 754 voluerunt

168 779 210 815 di
221 781 427 815 immortales
442 780 479 814 in
495 780 559 814 hac
575 779 697 827 puella
714 779 805 814 vires
828 793 908 815 suas
925 779 1105 822 ostendere,
1130 787 1167 814 ut
1188 787 1371 827 appareret
1387 793 1488 826 quam

166 840 262 875 nulla
285 840 337 873 vis
360 839 508 873 humana
531 838 667 874 divinae
690 840 876 874 resisteret:
901 838 974 883 (nil)
998 839 1135 886 maqis¹)
1162 845 1369 886 putaverunt
1384 852 1489 886 posse

166 899 332 935 miraculo
357 912 426 934 esse
450 897 577 945 (quam)
609 899 647 933 in
677 899 814 946 captiva
843 898 1042 942 libertatem,
1071 899 1108 933 in
1131 899 1323 946 prostituta
1347 898 1487 946 pudici-

167 961 268 1003 tiam,
299 960 336 994 in
359 958 531 993 homicida
560 959 795 993 innocentiam.
849 957 1006 1003 Emergit
1033 957 1082 992 ita
1111 969 1192 992 sane
1223 957 1329 1004 aliqui
1353 969 1486 1001 sensus,

168 1018 229 1053 sed
252 1017 341 1059 vide,
378 1029 481 1064 quam
517 1017 658 1052 licenter
692 1017 760 1052 duo
796 1016 961 1052 vocabula
996 1016 1142 1052 diversis
1171 1017 1256 1053 locis
1280 1017 1485 1052 inserantur.

167 1079 278 1114 Immo
303 1078 518 1114 scribendum
546 1077 695 1113 videtur:
733 1092 833 1125 quam
856 1078 953 1113 nulla
976 1079 1028 1113 vis
1051 1078 1198 1113 bumana
1230 1078 1368 1113 divinae
1402 1079 1487 1114 resi—

166 1146 266 1174 steret
301 1140 535 1174 maiestati:
562 1145 816 1186 putaverunt
852 1151 954 1185 posse
989 1139 1154 1173 miraculo
1191 1152 1261 1173 esse
1296 1152 1362 1185 eqs¹
1412 1136 1485 1173 Ofr.

165 1211 197 1245 p.
221 1199 346 1242 381,21
374 1200 581 1234 Violatorum
603 1200 777 1234 numinum
801 1199 973 1233 maiestate
998 1199 1171 1245 compulsa
1195 1206 1259 1241 est,
1284 1205 1321 1233 ut
1344 1199 1436 1233 mori
1456 1206 1487 1233 et

165 1259 261 1293 vellet
284 1266 314 1293 et
337 1258 469 1293 deberet
493 1265 523 1293 et
545 1271 612 1293 non
628 1265 756 1305 posset.
1489 1260 1493 1264 ’

275 1325 414 1362 Contr.
440 1326 519 1361 VII.
545 1326 658 1370 20,12.
684 1338 717 1373 p.
741 1325 861 1371 340‚5:
886 1326 1015 1362 Gravis
1043 1327 1238 1362 scolasticos
1266 1327 1399 1362 morbus
1432 1327 1485 1362 in-

168 1389 274 1423 vasit:
297 1388 451 1435 exempla
475 1401 549 1422 cum
575 1387 744 1432 dixerunt,
774 1388 888 1423 volunt
918 1388 981 1423 illa
1004 1387 1053 1422 ad
1075 1387 1217 1435 aliquod
1240 1388 1486 1423 controversiae

169 1449 278 1483 thema
306 1447 475 1494 rediqere,·
505 1466 552 1471 —
575 1446 697 1481 deinde
719 1451 836 1481 narrat
860 1445 991 1482 Seneca
1014 1445 1154 1482 Musam
1178 1447 1348 1483 rhetorem
1371 1447 1485 1494 inepte

168 1506 349 1541 notissima
384 1506 531 1552 quadam
566 1505 608 1541 de
644 1504 765 1541 Croesi
800 1506 871 1540 filio
895 1506 1021 1541 fabella
1043 1518 1145 1540 usum
1169 1518 1255 1541 esse.
1302 1506 1345 1541 In
1369 1507 1483 1541 verbis

167 1565 236 1600 illis
273 1577 358 1611 quae
392 1565 557 1612 exscripsi
599 1565 762 1599 mendum
797 1565 950 1600 nondum
991 1565 1160 1600 detectum
1199 1565 1312 1600 inesse
1350 1571 1383 1600 et
1421 1579 1483 1613 pro

168 1626 321 1674 eoeempla
345 1639 420 1660 cum
444 1625 605 1660 diccerunt
627 1624 744 1671 utique
767 1625 884 1672 reponi
901 1624 1023 1660 debere
1047 1625 1303 1669 didicerunt,
1328 1625 1387 1671 qui
1411 1637 1483 1660 rem

167 1685 279 1731 ipsam
303 1686 515 1732 spectaverit,
540 1685 694 1730 libenter,
718 1689 811 1732 puto,
837 1684 1008 1720 concedet.

276 1753 415 1789 Gontr.
447 1753 493 1790 X⁴
527 1753 640 1796 3432.
678 1766 710 1800 p.
746 1754 891 1797 511,15:
928 1753 1037 1801 Saepe
1072 1754 1198 1789 solebat
1234 1753 1295 1796 (sc.
1335 1753 1483 1799 Craton)

167 1815 263 1863 apud
292 1816 472 1851 Caesarem
501 1829 575 1850 cum
604 1814 782 1862 Timayene
811 1815 1002 1862 confligere,
1035 1815 1167 1850 bomine
1200 1814 1321 1851 acidae
1351 1815 1486 1864 lin-quae

167 1881 196 1908 et
220 1875 283 1920 qui
303 1875 406 1908 nimis
430 1874 512 1907 liber
537 1880 628 1907 erat:
647 1880 732 1919 puto
757 1874 838 1919 quia
854 1873 916 1907 diu
931 1886 999 1907 non
1011 1873 1147 1919 fuerat.
1165 1887 1207 1907 ew
1223 1875 1358 1921 captivo
1375 1888 1483 1918 cocus,

165 1946 208 1968 εει)
231 1946 308 1968 coco
332 1930 546 1976 (lecticarius,
572 1930 624 1975 eat)
649 1932 821 1967 lecticario
845 1945 948 1979 usque
971 1932 1008 1967 in
1024 1932 1179 1967 intimam
1195 1934 1385 1968 amicitiam
1400 1933 1482 1969 Cae-

164 1994 257 2027 saris
269 1993 378 2038 felix,
403 2006 507 2038 usque
530 2005 567 2026 eo
590 1998 767 2037 utramque
780 1992 967 2038 fortunam
991 1994 1188 2039 con-tempsit
1212 2006 1279 2039 eqs.
1326 1992 1483 2028 Primum

165 2050 375 2085 monendum
399 2055 452 2085 est
475 2050 727 2095 Kiesslingium
751 2062 888 2097 operam
912 2049 1118 2097 perdidisse,
1148 2062 1227 2086 cum
1251 2064 1322 2086 non
1345 2057 1484 2087 conten-

165 2115 220 2146 tus
244 2111 334 2146 bona
357 2110 453 2146 codd.
479 2109 543 2146 TV
566 2110 710 2146 lectione
733 2112 770 2146 in
794 2111 981 2146 amicitiam
1007 2123 1051 2146 ex
1080 2111 1134 2156 iis,
1164 2123 1252 2158 quae
1283 2111 1320 2147 in
1351 2112 1425 2149 cod.
1450 2113 1486 2149 A

164 2182 348 2216 agnoscere
372 2170 438 2206 sibi
462 2171 559 2205 visus
583 2176 665 2214 erat,
690 2170 838 2206 efficeret
860 2172 898 2206 in
926 2172 1082 2207 intimam
1110 2173 1316 2216 amicitiam;
1346 2173 1484 2208 demon-

167 2230 285 2266 stravit
308 2230 401 2266 enim
423 2230 472 2266 H.
497 2230 531 2267 J.
555 2229 775 2275 Muenerus2)
804 2230 929 2267 codicis
953 2231 990 2266 A
1012 2231 1157 2268 lectione
1181 2231 1380 2278 diligentius
1403 2245 1485 2269 exa-

277 2323 299 2357 1)
319 2322 356 2350 In
375 2322 459 2352 codd.
478 2321 534 2352 AB
554 2324 604 2351 est
621 2323 721 2352 mac-is.

275 2377 299 2415 ²)
324 2376 388 2407 Cfr.
406 2376 555 2407 Fleckeis.
574 2386 643 2407 ann.
663 2376 759 2409 CVII.
778 2385 806 2415 p.
825 2378 888 2410 540.
