1740 2765
784 160 820 166 ..
871 142 917 177 26
963 161 1009 166 .-

345 239 486 275 Contr.
518 239 565 274 Π.
597 242 711 286 14,13.
742 254 774 288 p.
810 242 929 284 224‚1:
969 243 1087 290 placet
1121 243 1216 277 vobie
1240 243 1437 291 fruqalitas
1471 257 1554 289 mea,

234 300 325 348 quod
343 300 597 348 patrimonium
628 302 774 345 servavi,
805 301 896 348 quod
924 302 1102 349 acquisivi,
1139 300 1230 349 quod
1257 315 1402 339 umorem·
1426 310 1557 339 mature

233 361 329 405 dumi,
365 373 499 408 semper
530 360 653 404 delenti,
691 361 783 408 quod
816 362 857 396 ab
893 363 988 397 omni
1012 376 1064 397 me
1095 369 1199 397 tubum
1223 362 1354 409 fabula
1380 365 1554 410 praestiti.

232 418 305 455 Cur
330 419 387 454 hic
410 419 506 455 locus
532 420 762 468 suspicionem
791 419 878 455 mihi
902 426 1049 465 moveat,
1082 433 1185 457 causa
1207 426 1259 457 est
1282 421 1383 458 haec:
1420 422 1556 458 videtur

231 480 344 528 Hispo
361 480 551 517 Romanius
572 481 812 517 concinnitatis
833 481 978 529 cupidus
1007 482 1191 519 deliberato
1207 482 1349 519 consilio
1366 483 1554 520 orationem

231 554 291 587 per
308 541 459 576 minutas
476 541 661 589 particulas
678 541 886 586 concidisse;
913 542 1004 588 quod
1027 543 1056 577 si
1073 548 1134 586 est,
1160 542 1306 578 efficitur
1322 543 1554 590 reponendum

231 601 335 636 etiam
358 613 451 638 esse:
494 601 642 649 (quod)
666 615 799 649 semper
823 602 942 637 dilexi.
954 601 980 646 ¹)
1029 602 1104 638 Iam
1129 615 1219 646 vero,
1244 615 1286 638 ne
1303 602 1357 637 cui
1374 603 1553 650 scrupulus

231 661 387 705 resideat,
412 661 569 697 addenda
592 673 702 708 pauca
725 661 767 696 de
791 661 851 696 illo
877 662 969 708 quod
991 663 1171 709 acquisivi.
1208 661 1273 697 Est
1289 662 1366 704 hoc,
1391 662 1427 696 ni
1444 662 1553 708 fallor,

232 721 419 757 secundum
450 721 644 769 anaphorae
673 721 883 765 membrum,
919 734 990 757 non
1019 734 1226 769 suspensum
1257 735 1299 758 ex
1328 722 1553 769 praecedenti,

231 782 390 827 valetque
415 782 507 829 quod
529 782 631 829 plane
654 781 746 816 idem
770 781 827 816 hic
850 786 952 826 atque
976 782 1097 816 ceteris
1126 782 1229 817 huius
1254 782 1430 829 pericopae
1454 783 1553 826 locis;
1602 775 1606 777 “

230 847 313 888 puto
344 842 436 877 enim
468 842 674 890 acquirendi
700 841 844 877 verbum
872 840 1027 876 absolute
1056 841 1105 876 ita
1133 842 1282 888 positum
1311 854 1396 885 esse,
1435 848 1471 877 ut
1499 842 1553 877 in-

231 902 412 948 tellegatur
447 902 577 948 acquiri
622 915 696 937 rem
731 901 945 936 familiarem.
1006 899 1117 936 Cuius
1154 914 1237 936 usus
1273 901 1428 949 exempla
1462 901 1553 949 apud

230 963 428 1011 posterioris
442 962 605 1010 temporis
620 962 812 1010 scriptores,
825 960 1093 1005 Quintilianum,
1109 961 1324 1006 Jnvenalem,
1340 960 1552 1007 Suetonium,
1601 974 1606 978 ·

229 1023 368 1058 obviam
403 1023 503 1068 fiunt,
540 1035 583 1057 ex
618 1023 743 1067 quibus
780 1034 889 1055 unum
924 1026 1014 1056 certe
1049 1021 1093 1056 ad
1125 1021 1368 1056 illustrandum
1397 1027 1551 1057 nostrum

229 1082 342 1119 locum
367 1082 522 1131 apprime
545 1081 740 1131 appositum
756 1080 906 1130 proferre
926 1080 1040 1118 iuvat:
1065 1085 1176 1117 exstat
1191 1081 1228 1116 in
1244 1080 1552 1126 Declamationum,

229 1155 317 1189 quae
353 1143 418 1178 sub
454 1142 663 1187 Quintiliani
698 1142 837 1177 nomine
873 1142 1039 1186 feruntur,
1076 1154 1216 1187 corpore
1251 1140 1399 1184 (CCCII
1434 1142 1551 1186 extr.):

228 1203 400 1247 Quonzodo
433 1210 553 1251 postea
584 1203 693 1238 vincit?
719 1215 820 1250 quam
845 1202 1039 1250 frugaliter
1077 1201 1281 1248 acquisivit?
1307 1215 1407 1248 quam
1424 1202 1555 1249 parce?

230 1277 332 1310 quam
356 1264 543 1300 laboriose?

340 1331 436 1369 Exc.
454 1331 593 1369 Contr.
610 1331 695 1368 1111.
714 1333 745 1367 1.
770 1336 872 1368 extr.
897 1344 929 1378 p.
944 1332 1047 1374 2623
1065 1329 1142 1377 (qui
1166 1329 1273 1374 locus,
1298 1335 1337 1365 ut
1352 1329 1457 1365 totius
1474 1330 1553 1365 libri

228 1393 402 1440 reliquiae,
428 1393 510 1429 solis
534 1397 771 1440 excerptorum
795 1391 894 1428 codd.
925 1396 1080 1427 servatus
1104 1389 1189 1435 est):
1215 1391 1316 1425 Festo
1340 1390 1395 1425 die
1419 1389 1553 1425 sodales

228 1455 396 1502 amicique
412 1468 550 1498 mecum,
570 1468 709 1501 quorum
732 1467 834 1489 unus:
853 1452 950 1500 ‘quid
963 1453 1052 1488 hunc
1068 1452 1228 1487 miserum
1237 1451 1358 1499 perire
1369 1449 1554 1497 patimur?

228 1515 386 1561 Apparet
412 1514 569 1557 verbum,
603 1513 695 1559 quod
719 1513 778 1559 qui
803 1517 961 1559 excerpta
984 1511 1129 1546 confecit
1154 1510 1312 1545 omisisse
1336 1521 1405 1543 non
1429 1514 1552 1556 putan-

226 1573 291 1609 dus
315 1579 377 1618 est,
402 1574 626 1621 absumptum
649 1585 724 1609 esse
748 1572 960 1608 antecedenti
984 1577 1162 1615 noverant,
1189 1574 1226 1604 ut
1249 1569 1366 1604 fuerit:
1393 1568 1551 1613 (Erant)

217 1635 314 1681 fecto
340 1634 396 1669 die
420 1648 489 1681 eqe.

338 1702 480 1739 Contr.
506 1702 586 1738 VII.
613 1703 726 1745 21‚11.
752 1714 785 1749 p.
809 1701 951 1744 346‚18:
981 1702 1042 1736 hoe
1075 1699 1167 1747 quod
1195 1699 1303 1734 obicio
1337 1698 1399 1744 qui
1419 1698 1455 1731 in
1472 1697 1553 1743 plu-

225 1764 322 1800 ribus
334 1764 438 1812 fecit,
465 1764 596 1799 occisus
620 1770 679 1798 est.
727 1761 896 1798 Desidero
912 1760 970 1797 hic
986 1759 1133 1796 obelum.
1181 1757 1302 1794 Unum
1328 1768 1466 1792 servum
1490 1768 1552 1791 an-

226 1830 281 1859 tea
309 1824 426 1871 plures
456 1823 597 1858 vitiasse
626 1835 799 1868 nusquam
828 1826 1130 1864 commemoratur,
1161 1818 1430 1863 infringeretque
1458 1816 1552 1852 filius

223 1884 297 1932 ipse
320 1884 369 1919 ita
392 1882 644 1931 quodammodo
667 1882 893 1919 accusationis
919 1881 1001 1917 vim.
1050 1880 1119 1916 Res
1144 1879 1220 1927 ipsa
1235 1877 1339 1913 fidem
1361 1876 1442 1912 facit
1467 1876 1550 1912 scri-

224 1945 377 1981 bendum
400 1957 491 1982 esse:
515 1946 577 1981 Izoc
602 1944 694 1992 quod
721 1945 828 1980 obicio
862 1945 924 1991 qui
948 1941 1152 1991 (tyranni)
1184 1939 1437 1988 temporibus
1450 1938 1551 1986 fecit,

225 2007 357 2041 occisus
373 2013 431 2040 est.

334 2074 377 2109 In
401 2074 520 2109 eadem
544 2086 645 2121 porro
669 2072 812 2109 Contr.
839 2072 920 2108 VII.
946 2070 1060 2117 21‚16.
1092 2083 1125 2118 p.
1156 2069 1284 2111 349,12
1315 2066 1458 2102 dubium
1481 2079 1550 2102 non

224 2140 287 2180 est,
312 2134 396 2181 quin
432 2133 615 2181 legendum
653 2133 712 2170 sit:
738 2134 862 2170 Varius
893 2133 1057 2168 Geminus
1087 2130 1128 2166 de
1164 2129 1367 2166 abstirzemia
1404 2126 1549 2171 (servi)

221 2197 284 2232 sic.
332 2195 544 2231 Addendum
568 2200 621 2231 est
644 2197 746 2240 servi,
771 2194 935 2240 quoniam
958 2192 1086 2228 Varius
1110 2190 1281 2227 Geminus
1305 2187 1447 2223 minime
1478 2187 1548 2222 dis-

223 2260 376 2291 serturus
401 2254 443 2290 de
467 2255 675 2290 abstinentia
698 2259 750 2289 est
773 2254 810 2288 in
847 2253 1058 2288 universum.
1091 2271 1137 2276 —
1166 2249 1214 2285 Et
1242 2248 1403 2284 ibidem
1436 2247 1457 2290 ἓ
1490 2247 1546 2283 20.

336 2366 361 2405 1)
381 2366 551 2397 Admodum
573 2365 750 2403 frequenter
773 2364 804 2394 in
829 2363 991 2401 anaphoris
1016 2362 1144 2392 maxime
1169 2361 1212 2391 sic
1231 2360 1308 2397 lapsi
1333 2361 1405 2389 sunt
1424 2357 1546 2388 librarii.

222 2415 258 2444 ef.
277 2422 304 2451 p.
325 2415 391 2447 84‚3
410 2413 564 2450 (tantum),
581 2421 608 2450 p.
629 2414 712 2445 8824
734 2410 805 2449 (ut),
825 2419 851 2448 p.
873 2411 971 2446 336‚21
994 2408 1111 2447 (dabo),
1132 2417 1160 2445 p.
1181 2408 1283 2440 42023
1304 2404 1394 2445 (per)-
