<?xml version="1.0" encoding="UTF-8"?>
<!DOCTYPE html PUBLIC "-//W3C//DTD XHTML 1.0 Transitional//EN"
    "http://www.w3.org/TR/xhtml1/DTD/xhtml1-transitional.dtd">
<html xmlns="http://www.w3.org/1999/xhtml" xml:lang="en" lang="en">
 <head>
  <title>
</title>
<meta http-equiv="Content-Type" content="text/html;charset=utf-8" />
  <meta name='ocr-system' content='tesseract 3.04.00' />
  <meta name='ocr-capabilities' content='ocr_page ocr_carea ocr_par ocr_line ocrx_word'/>
</head>
<body>
  <div class='ocr_page' id='page_1' title='image "4771773_0020.png"; bbox 0 0 1740 2765; ppageno 0'>
   <div class='ocr_carea' id='block_1_1' title="bbox 731 128 960 163">
    <p class='ocr_par' dir='ltr' id='par_1_1' title="bbox 731 128 960 163">
     <span class='ocr_line' id='line_1_1' title="bbox 731 128 960 163; baseline -0.004 -11"><span class='ocrx_word' id='word_1_1' title='bbox 731 128 960 163; x_wconf 68' lang='lat'>-12—</span> 
     </span>
    </p>
   </div>
   <div class='ocr_carea' id='block_1_2' title="bbox 166 227 1505 1772">
    <p class='ocr_par' dir='ltr' id='par_1_2' title="bbox 166 227 1505 1772">
     <span class='ocr_line' id='line_1_2' title="bbox 182 227 1503 277; baseline 0.002 -15"><span class='ocrx_word' id='word_1_2' title='bbox 182 233 287 263; x_wconf 82' lang='lat' dir='ltr'><strong>ratur.</strong></span> <span class='ocrx_word' id='word_1_3' title='bbox 334 228 569 273; x_wconf 84' lang='lat' dir='ltr'><strong>Kiesslingius</strong></span> <span class='ocrx_word' id='word_1_4' title='bbox 594 228 731 275; x_wconf 83' lang='lat' dir='ltr'><strong>scripsit</strong></span> <span class='ocrx_word' id='word_1_5' title='bbox 753 227 881 263; x_wconf 77' lang='lat' dir='ltr'><strong>Jahnio</strong></span> <span class='ocrx_word' id='word_1_6' title='bbox 905 228 1085 263; x_wconf 78' lang='lat' dir='ltr'>obsecutus</span> <span class='ocrx_word' id='word_1_7' title='bbox 1114 229 1271 264; x_wconf 80' lang='lat' dir='ltr'><strong>tricolum</strong></span> <span class='ocrx_word' id='word_1_8' title='bbox 1295 230 1361 265; x_wconf 77' lang='lat' dir='ltr'><strong>tale</strong></span> <span class='ocrx_word' id='word_1_9' title='bbox 1384 229 1503 277; x_wconf 74' lang='lat' dir='ltr'><strong>qualia</strong></span> 
     </span>
     <span class='ocr_line' id='line_1_3' title="bbox 182 287 1502 336; baseline 0.001 -13"><span class='ocrx_word' id='word_1_10' title='bbox 182 295 260 323; x_wconf 73' lang='lat' dir='ltr'><strong>sunt</strong></span> <span class='ocrx_word' id='word_1_11' title='bbox 283 301 369 335; x_wconf 82' lang='lat' dir='ltr'><strong>quae</strong></span> <span class='ocrx_word' id='word_1_12' title='bbox 393 288 571 323; x_wconf 71' lang='lat' dir='ltr'><em>basilicam</em></span> <span class='ocrx_word' id='word_1_13' title='bbox 594 289 774 335; x_wconf 72' lang='lat' dir='ltr'><strong>infectam:</strong></span> <span class='ocrx_word' id='word_1_14' title='bbox 799 292 835 322; x_wconf 81' lang='lat' dir='ltr'><strong>at</strong></span> <span class='ocrx_word' id='word_1_15' title='bbox 858 300 939 323; x_wconf 87' lang='lat' dir='ltr'><strong>vero</strong></span> <span class='ocrx_word' id='word_1_16' title='bbox 962 289 1139 336; x_wconf 57' lang='lat' dir='ltr'><strong>affectare,</strong></span> <span class='ocrx_word' id='word_1_17' title='bbox 1164 287 1255 334; x_wconf 91' lang='lat' dir='ltr'><strong>quod</strong></span> <span class='ocrx_word' id='word_1_18' title='bbox 1279 288 1396 333; x_wconf 80' lang='lat' dir='ltr'><strong>sciam,</strong></span> <span class='ocrx_word' id='word_1_19' title='bbox 1431 288 1502 324; x_wconf 76' lang='lat' dir='ltr'><strong>La-</strong></span> 
     </span>
     <span class='ocr_line' id='line_1_4' title="bbox 182 346 1501 394; baseline 0.002 -13"><span class='ocrx_word' id='word_1_20' title='bbox 182 347 294 382; x_wconf 82' lang='lat' dir='ltr'><strong>tinum</strong></span> <span class='ocrx_word' id='word_1_21' title='bbox 317 346 525 382; x_wconf 84' lang='lat' dir='ltr'><strong>vocabulum</strong></span> <span class='ocrx_word' id='word_1_22' title='bbox 548 347 688 382; x_wconf 92' lang='lat' dir='ltr'><strong>omnino</strong></span> <span class='ocrx_word' id='word_1_23' title='bbox 712 360 783 383; x_wconf 91' lang='lat' dir='ltr'><strong>non</strong></span> <span class='ocrx_word' id='word_1_24' title='bbox 806 353 869 391; x_wconf 85' lang='lat' dir='ltr'><strong>est,</strong></span> <span class='ocrx_word' id='word_1_25' title='bbox 905 348 980 383; x_wconf 88' lang='lat' dir='ltr'><strong>iure</strong></span> <span class='ocrx_word' id='word_1_26' title='bbox 1014 348 1119 394; x_wconf 84' lang='lat' dir='ltr'><strong>igitur</strong></span> <span class='ocrx_word' id='word_1_27' title='bbox 1148 347 1381 383; x_wconf 73' lang='lat' dir='ltr'><strong>dubitabimus</strong></span> <span class='ocrx_word' id='word_1_28' title='bbox 1405 347 1501 383; x_wconf 77' lang='lat' dir='ltr'><strong>codd.</strong></span> 
     </span>
     <span class='ocr_line' id='line_1_5' title="bbox 180 406 1502 453; baseline 0.002 -12"><span class='ocrx_word' id='word_1_29' title='bbox 180 406 362 442; x_wconf 89' lang='lat' dir='ltr'><strong>lectionem</strong></span> <span class='ocrx_word' id='word_1_30' title='bbox 386 406 547 442; x_wconf 82' lang='lat' dir='ltr'><strong>vitiosam</strong></span> <span class='ocrx_word' id='word_1_31' title='bbox 570 408 735 443; x_wconf 69' lang='lat' dir='ltr'><strong>insectant</strong></span> <span class='ocrx_word' id='word_1_32' title='bbox 758 407 824 443; x_wconf 90' lang='lat' dir='ltr'><strong>isto</strong></span> <span class='ocrx_word' id='word_1_33' title='bbox 848 407 950 443; x_wconf 91' lang='lat' dir='ltr'><strong>modo</strong></span> <span class='ocrx_word' id='word_1_34' title='bbox 974 412 1116 443; x_wconf 84' lang='lat' dir='ltr'><strong>mutare.</strong></span> <span class='ocrx_word' id='word_1_35' title='bbox 1163 406 1267 451; x_wconf 80' lang='lat' dir='ltr'><strong>Quod</strong></span> <span class='ocrx_word' id='word_1_36' title='bbox 1290 407 1374 443; x_wconf 90' lang='lat' dir='ltr'><strong>olim</strong></span> <span class='ocrx_word' id='word_1_37' title='bbox 1397 408 1502 453; x_wconf 78' lang='lat' dir='ltr'><strong>vulgo</strong></span> 
     </span>
     <span class='ocr_line' id='line_1_6' title="bbox 180 467 1502 515; baseline 0.002 -14"><span class='ocrx_word' id='word_1_38' title='bbox 180 467 358 512; x_wconf 82' lang='lat' dir='ltr'><strong>legebatur</strong></span> <span class='ocrx_word' id='word_1_39' title='bbox 381 467 547 514; x_wconf 67' lang='lat' dir='ltr'><strong>infestant</strong></span> <span class='ocrx_word' id='word_1_40' title='bbox 570 471 623 502; x_wconf 88' lang='lat' dir='ltr'><strong>est</strong></span> <span class='ocrx_word' id='word_1_41' title='bbox 647 479 728 503; x_wconf 85' lang='lat' dir='ltr'><strong>sane</strong></span> <span class='ocrx_word' id='word_1_42' title='bbox 751 467 926 512; x_wconf 82' lang='lat' dir='ltr'><strong>Latinum,</strong></span> <span class='ocrx_word' id='word_1_43' title='bbox 952 468 1014 504; x_wconf 86' lang='lat' dir='ltr'><strong>sed</strong></span> <span class='ocrx_word' id='word_1_44' title='bbox 1038 480 1203 515; x_wconf 82' lang='lat' dir='ltr'><strong>perquam</strong></span> <span class='ocrx_word' id='word_1_45' title='bbox 1226 468 1390 515; x_wconf 84' lang='lat' dir='ltr'><strong>ineptum.</strong></span> <span class='ocrx_word' id='word_1_46' title='bbox 1425 468 1502 514; x_wconf 87' lang='lat' dir='ltr'><strong>Ego</strong></span> 
     </span>
     <span class='ocr_line' id='line_1_7' title="bbox 180 526 1503 574; baseline 0.001 -12"><span class='ocrx_word' id='word_1_47' title='bbox 180 527 370 574; x_wconf 86' lang='lat' dir='ltr'><strong>putaverim</strong></span> <span class='ocrx_word' id='word_1_48' title='bbox 406 526 660 573; x_wconf 83' lang='lat' dir='ltr'><strong>agnoscendum</strong></span> <span class='ocrx_word' id='word_1_49' title='bbox 697 539 771 562; x_wconf 88' lang='lat' dir='ltr'><strong>esse</strong></span> <span class='ocrx_word' id='word_1_50' title='bbox 813 528 958 563; x_wconf 85' lang='lat' dir='ltr'><strong>verbum</strong></span> <span class='ocrx_word' id='word_1_51' title='bbox 996 528 1158 573; x_wconf 71' lang='lat' dir='ltr'><strong>sectandi,</strong></span> <span class='ocrx_word' id='word_1_52' title='bbox 1166 527 1196 573; x_wconf 90' lang='lat'><strong>¹)</strong></span> <span class='ocrx_word' id='word_1_53' title='bbox 1236 527 1272 562; x_wconf 92' lang='lat' dir='ltr'><strong>in</strong></span> <span class='ocrx_word' id='word_1_54' title='bbox 1311 540 1351 563; x_wconf 88' lang='lat' dir='ltr'><strong>eo</strong></span> <span class='ocrx_word' id='word_1_55' title='bbox 1388 532 1503 563; x_wconf 81' lang='lat' dir='ltr'><strong>autem</strong></span> 
     </span>
     <span class='ocr_line' id='line_1_8' title="bbox 181 587 1502 634; baseline 0.001 -12"><span class='ocrx_word' id='word_1_56' title='bbox 181 587 273 633; x_wconf 92' lang='lat' dir='ltr'><strong>quod</strong></span> <span class='ocrx_word' id='word_1_57' title='bbox 309 592 362 621; x_wconf 89' lang='lat' dir='ltr'><strong>est</strong></span> <span class='ocrx_word' id='word_1_58' title='bbox 398 588 576 623; x_wconf 73' lang='lat' dir='ltr'><strong>basilicam</strong></span> <span class='ocrx_word' id='word_1_59' title='bbox 612 587 717 622; x_wconf 84' lang='lat' dir='ltr'><strong>latere</strong></span> <span class='ocrx_word' id='word_1_60' title='bbox 753 588 970 632; x_wconf 85' lang='lat' dir='ltr'><strong>vocabulum,</strong></span> <span class='ocrx_word' id='word_1_61' title='bbox 1007 600 1075 634; x_wconf 91' lang='lat' dir='ltr'><strong>quo</strong></span> <span class='ocrx_word' id='word_1_62' title='bbox 1110 588 1146 623; x_wconf 91' lang='lat' dir='ltr'><strong>id</strong></span> <span class='ocrx_word' id='word_1_63' title='bbox 1181 588 1360 624; x_wconf 87' lang='lat' dir='ltr'><strong>hominum</strong></span> <span class='ocrx_word' id='word_1_64' title='bbox 1394 600 1502 634; x_wconf 84' lang='lat' dir='ltr'><strong>genus</strong></span> 
     </span>
     <span class='ocr_line' id='line_1_9' title="bbox 179 645 1502 693; baseline 0 -12"><span class='ocrx_word' id='word_1_65' title='bbox 179 647 328 681; x_wconf 84' lang='lat' dir='ltr'><strong>breviter</strong></span> <span class='ocrx_word' id='word_1_66' title='bbox 352 645 541 689; x_wconf 78' lang='lat' dir='ltr'>denotetur,</span> <span class='ocrx_word' id='word_1_67' title='bbox 566 646 625 692; x_wconf 91' lang='lat' dir='ltr'><strong>qui</strong></span> <span class='ocrx_word' id='word_1_68' title='bbox 649 647 686 680; x_wconf 91' lang='lat' dir='ltr'><strong>in</strong></span> <span class='ocrx_word' id='word_1_69' title='bbox 712 646 854 681; x_wconf 82' lang='lat' dir='ltr'><strong>basilica</strong></span> <span class='ocrx_word' id='word_1_70' title='bbox 878 647 1006 681; x_wconf 86' lang='lat' dir='ltr'><strong>versari</strong></span> <span class='ocrx_word' id='word_1_71' title='bbox 1031 653 1064 682; x_wconf 91' lang='lat' dir='ltr'><strong>et</strong></span> <span class='ocrx_word' id='word_1_72' title='bbox 1087 659 1187 693; x_wconf 83' lang='lat' dir='ltr'><strong>agere</strong></span> <span class='ocrx_word' id='word_1_73' title='bbox 1211 648 1350 683; x_wconf 76' lang='lat' dir='ltr'><strong>soleant.</strong></span> <span class='ocrx_word' id='word_1_74' title='bbox 1399 646 1502 691; x_wconf 78' lang='lat' dir='ltr'><strong>Quod</strong></span> 
     </span>
     <span class='ocr_line' id='line_1_10' title="bbox 180 705 1502 754; baseline 0.002 -13"><span class='ocrx_word' id='word_1_75' title='bbox 180 705 281 752; x_wconf 81' lang='lat' dir='ltr'><strong>quale</strong></span> <span class='ocrx_word' id='word_1_76' title='bbox 304 705 408 742; x_wconf 85' lang='lat' dir='ltr'><strong>fuerit</strong></span> <span class='ocrx_word' id='word_1_77' title='bbox 431 705 561 752; x_wconf 84' lang='lat' dir='ltr'><strong>ambigi</strong></span> <span class='ocrx_word' id='word_1_78' title='bbox 584 709 709 754; x_wconf 84' lang='lat' dir='ltr'><strong>potest.</strong></span> <span class='ocrx_word' id='word_1_79' title='bbox 757 705 929 741; x_wconf 86' lang='lat' dir='ltr'><strong>Novimus</strong></span> <span class='ocrx_word' id='word_1_80' title='bbox 967 706 1034 742; x_wconf 85' lang='lat' dir='ltr'><strong>tale</strong></span> <span class='ocrx_word' id='word_1_81' title='bbox 1070 719 1195 743; x_wconf 89' lang='lat' dir='ltr'><strong>nomen</strong></span> <span class='ocrx_word' id='word_1_82' title='bbox 1226 707 1433 744; x_wconf 82' lang='lat' dir='ltr'><strong>declinatum</strong></span> <span class='ocrx_word' id='word_1_83' title='bbox 1461 719 1502 743; x_wconf 84' lang='lat' dir='ltr'><strong>ex</strong></span> 
     </span>
     <span class='ocr_line' id='line_1_11' title="bbox 179 765 1503 814; baseline 0.001 -13"><span class='ocrx_word' id='word_1_84' title='bbox 179 766 244 801; x_wconf 82' lang='lat' dir='ltr'><strong>hac</strong></span> <span class='ocrx_word' id='word_1_85' title='bbox 273 766 438 810; x_wconf 75' lang='lat' dir='ltr'><strong>glossaz2)</strong></span> <span class='ocrx_word' id='word_1_86' title='bbox 471 767 729 810; x_wconf 76' lang='lat' dir='ltr'><strong>„basiliciariue</strong></span> <span class='ocrx_word' id='word_1_87' title='bbox 761 765 922 810; x_wconf 77' lang='grc' dir='ltr'><strong><em>μαλακός</em></strong></span> <span class='ocrx_word' id='word_1_88' title='bbox 957 765 1154 814; x_wconf 54' lang='lat' dir='ltr'><strong>&amp;rogatos-‘2</strong></span> <span class='ocrx_word' id='word_1_89' title='bbox 1183 779 1433 813; x_wconf 84' lang='lat' dir='ltr'>possumusque</span> <span class='ocrx_word' id='word_1_90' title='bbox 1463 780 1503 802; x_wconf 86' lang='lat' dir='ltr'><strong>eo</strong></span> 
     </span>
     <span class='ocr_line' id='line_1_12' title="bbox 179 824 1502 872; baseline 0.002 -11"><span class='ocrx_word' id='word_1_91' title='bbox 179 825 323 861; x_wconf 86' lang='lat' dir='ltr'><strong>fortasse</strong></span> <span class='ocrx_word' id='word_1_92' title='bbox 359 825 416 861; x_wconf 83' lang='lat' dir='ltr'><strong>hio</strong></span> <span class='ocrx_word' id='word_1_93' title='bbox 451 826 511 870; x_wconf 89' lang='lat' dir='ltr'><strong>uti,</strong></span> <span class='ocrx_word' id='word_1_94' title='bbox 549 825 638 861; x_wconf 88' lang='lat' dir='ltr'><strong>sicut</strong></span> <span class='ocrx_word' id='word_1_95' title='bbox 662 824 742 861; x_wconf 89' lang='lat' dir='ltr'><strong>Sen.</strong></span> <span class='ocrx_word' id='word_1_96' title='bbox 769 825 811 861; x_wconf 89' lang='lat' dir='ltr'><strong>de</strong></span> <span class='ocrx_word' id='word_1_97' title='bbox 835 825 930 862; x_wconf 78' lang='lat' dir='ltr'><strong>brev,</strong></span> <span class='ocrx_word' id='word_1_98' title='bbox 955 826 1015 861; x_wconf 84' lang='lat' dir='ltr'><strong>vit.</strong></span> <span class='ocrx_word' id='word_1_99' title='bbox 1041 824 1088 861; x_wconf 91' lang='lat' dir='ltr'><strong>X.</strong></span> <span class='ocrx_word' id='word_1_100' title='bbox 1133 826 1180 861; x_wconf 89' lang='lat' dir='ltr'><strong>in.</strong></span> <span class='ocrx_word' id='word_1_101' title='bbox 1210 826 1293 863; x_wconf 92' lang='lat' dir='ltr'><strong>dicit</strong></span> <span class='ocrx_word' id='word_1_102' title='bbox 1317 828 1502 872; x_wconf 77' lang='lat' dir='ltr'><strong>Fabianus,</strong></span> 
     </span>
     <span class='ocr_line' id='line_1_13' title="bbox 179 886 1501 935; baseline 0.001 -14"><span class='ocrx_word' id='word_1_103' title='bbox 179 899 246 921; x_wconf 85' lang='lat' dir='ltr'><strong>non</strong></span> <span class='ocrx_word' id='word_1_104' title='bbox 282 900 324 921; x_wconf 75' lang='lat' dir='ltr'><strong>ex</strong></span> <span class='ocrx_word' id='word_1_105' title='bbox 358 887 413 921; x_wconf 72' lang='lat' dir='ltr'><strong>his</strong></span> <span class='ocrx_word' id='word_1_106' title='bbox 449 886 677 921; x_wconf 72' lang='lat' dir='ltr'><strong>cathedrariis</strong></span> <span class='ocrx_word' id='word_1_107' title='bbox 704 887 935 934; x_wconf 75' lang='lat' dir='ltr'><strong>pbilosophis,</strong></span> <span class='ocrx_word' id='word_1_108' title='bbox 971 887 1033 921; x_wconf 72' lang='lat' dir='ltr'><strong>sed</strong></span> <span class='ocrx_word' id='word_1_109' title='bbox 1068 900 1110 921; x_wconf 75' lang='lat' dir='ltr'><strong>ex</strong></span> <span class='ocrx_word' id='word_1_110' title='bbox 1145 889 1236 922; x_wconf 72' lang='lat' dir='ltr'><strong>veris</strong></span> <span class='ocrx_word' id='word_1_111' title='bbox 1272 894 1303 922; x_wconf 77' lang='lat' dir='ltr'><strong>et</strong></span> <span class='ocrx_word' id='word_1_112' title='bbox 1331 889 1501 935; x_wconf 75' lang='lat' dir='ltr'><strong>antiquis:</strong></span> 
     </span>
     <span class='ocr_line' id='line_1_14' title="bbox 180 944 1502 992; baseline 0.002 -13"><span class='ocrx_word' id='word_1_113' title='bbox 180 957 301 980; x_wconf 86' lang='lat' dir='ltr'><strong>verum</strong></span> <span class='ocrx_word' id='word_1_114' title='bbox 325 944 492 980; x_wconf 87' lang='lat' dir='ltr'><strong>habemus</strong></span> <span class='ocrx_word' id='word_1_115' title='bbox 517 944 617 980; x_wconf 89' lang='lat' dir='ltr'><strong>etiam</strong></span> <span class='ocrx_word' id='word_1_116' title='bbox 643 944 785 980; x_wconf 87' lang='lat' dir='ltr'><strong>alterius</strong></span> <span class='ocrx_word' id='word_1_117' title='bbox 810 944 988 980; x_wconf 86' lang='lat' dir='ltr'><strong>cuiusdam</strong></span> <span class='ocrx_word' id='word_1_118' title='bbox 1012 944 1259 991; x_wconf 79' lang='lat' dir='ltr'><strong>declinationis,</strong></span> <span class='ocrx_word' id='word_1_119' title='bbox 1286 958 1372 992; x_wconf 86' lang='lat' dir='ltr'><strong>quae</strong></span> <span class='ocrx_word' id='word_1_120' title='bbox 1388 946 1502 982; x_wconf 88' lang='lat' dir='ltr'><strong>nescio</strong></span> 
     </span>
     <span class='ocr_line' id='line_1_15' title="bbox 181 1004 1502 1051; baseline 0.002 -13"><span class='ocrx_word' id='word_1_121' title='bbox 181 1018 226 1039; x_wconf 88' lang='lat' dir='ltr'><strong>an</strong></span> <span class='ocrx_word' id='word_1_122' title='bbox 250 1004 308 1039; x_wconf 89' lang='lat' dir='ltr'><strong>hic</strong></span> <span class='ocrx_word' id='word_1_123' title='bbox 331 1004 552 1051; x_wconf 85' lang='lat' dir='ltr'><strong>praeferenda</strong></span> <span class='ocrx_word' id='word_1_124' title='bbox 577 1004 632 1047; x_wconf 87' lang='lat' dir='ltr'><strong>sit,</strong></span> <span class='ocrx_word' id='word_1_125' title='bbox 659 1004 842 1049; x_wconf 83' lang='lat' dir='ltr'><strong>vestigium</strong></span> <span class='ocrx_word' id='word_1_126' title='bbox 869 1004 905 1038; x_wconf 92' lang='lat' dir='ltr'><strong>in</strong></span> <span class='ocrx_word' id='word_1_127' title='bbox 934 1016 1047 1048; x_wconf 89' lang='lat' dir='ltr'><strong>versu,</strong></span> <span class='ocrx_word' id='word_1_128' title='bbox 1074 1010 1111 1039; x_wconf 92' lang='lat' dir='ltr'><strong>ut</strong></span> <span class='ocrx_word' id='word_1_129' title='bbox 1139 1004 1285 1049; x_wconf 86' lang='lat' dir='ltr'><strong>videtur,</strong></span> <span class='ocrx_word' id='word_1_130' title='bbox 1311 1005 1502 1050; x_wconf 82' lang='lat' dir='ltr'><strong>subditicio,</strong></span> 
     </span>
     <span class='ocr_line' id='line_1_16' title="bbox 181 1063 1501 1112; baseline 0.002 -13"><span class='ocrx_word' id='word_1_131' title='bbox 181 1063 241 1099; x_wconf 89' lang='lat' dir='ltr'><strong>sed</strong></span> <span class='ocrx_word' id='word_1_132' title='bbox 275 1069 390 1099; x_wconf 88' lang='lat' dir='ltr'><strong>tamen</strong></span> <span class='ocrx_word' id='word_1_133' title='bbox 427 1063 509 1098; x_wconf 84' lang='lat' dir='ltr'><strong>satis</strong></span> <span class='ocrx_word' id='word_1_134' title='bbox 545 1063 686 1109; x_wconf 83' lang='lat' dir='ltr'><strong>antiquo</strong></span> <span class='ocrx_word' id='word_1_135' title='bbox 723 1068 757 1098; x_wconf 89' lang='lat' dir='ltr'><strong>et</strong></span> <span class='ocrx_word' id='word_1_136' title='bbox 792 1063 877 1098; x_wconf 87' lang='lat' dir='ltr'><strong>bene</strong></span> <span class='ocrx_word' id='word_1_137' title='bbox 908 1063 1033 1099; x_wconf 88' lang='lat' dir='ltr'><strong>Latino</strong></span> <span class='ocrx_word' id='word_1_138' title='bbox 1056 1063 1168 1099; x_wconf 87' lang='lat' dir='ltr'><strong>Plaut.</strong></span> <span class='ocrx_word' id='word_1_139' title='bbox 1194 1064 1292 1112; x_wconf 79' lang='lat' dir='ltr'><strong>Capt.</strong></span> <span class='ocrx_word' id='word_1_140' title='bbox 1317 1064 1380 1100; x_wconf 91' lang='lat' dir='ltr'><strong>IV.</strong></span> <span class='ocrx_word' id='word_1_141' title='bbox 1405 1066 1501 1109; x_wconf 61' lang='lat'><strong>235:</strong></span> 
     </span>
     <span class='ocr_line' id='line_1_17' title="bbox 180 1124 1501 1173; baseline 0.001 -14"><span class='ocrx_word' id='word_1_142' title='bbox 180 1125 332 1167; x_wconf 80' lang='lat' dir='ltr'><strong>Quo‘rum</strong></span> <span class='ocrx_word' id='word_1_143' title='bbox 363 1124 446 1159; x_wconf 75' lang='lat' dir='ltr'><strong>odos</strong></span> <span class='ocrx_word' id='word_1_144' title='bbox 475 1125 743 1159; x_wconf 66' lang='lat' dir='ltr'><strong>subbasilicanos</strong></span> <span class='ocrx_word' id='word_1_145' title='bbox 780 1126 886 1159; x_wconf 64' lang='lat' dir='ltr'><strong>(imnis</strong></span> <span class='ocrx_word' id='word_1_146' title='bbox 922 1126 1027 1173; x_wconf 69' lang='lat' dir='ltr'><strong>abiqit</strong></span> <span class='ocrx_word' id='word_1_147' title='bbox 1062 1128 1099 1160; x_wconf 72' lang='lat' dir='ltr'><strong>in</strong></span> <span class='ocrx_word' id='word_1_148' title='bbox 1120 1126 1257 1172; x_wconf 83' lang='lat' dir='ltr'><strong>forum,</strong></span> <span class='ocrx_word' id='word_1_149' title='bbox 1296 1125 1385 1161; x_wconf 85' lang='lat' dir='ltr'><strong>unde</strong></span> <span class='ocrx_word' id='word_1_150' title='bbox 1409 1125 1501 1160; x_wconf 85' lang='lat' dir='ltr'><strong>haud</strong></span> 
     </span>
     <span class='ocr_line' id='line_1_18' title="bbox 180 1183 1502 1231; baseline 0.002 -14"><span class='ocrx_word' id='word_1_151' title='bbox 180 1183 294 1231; x_wconf 80' lang='lat' dir='ltr'><strong>inepte</strong></span> <span class='ocrx_word' id='word_1_152' title='bbox 317 1183 478 1219; x_wconf 87' lang='lat' dir='ltr'><strong>coniicias</strong></span> <span class='ocrx_word' id='word_1_153' title='bbox 503 1183 675 1218; x_wconf 78' lang='lat' dir='ltr'><strong>exstitisse</strong></span> <span class='ocrx_word' id='word_1_154' title='bbox 699 1183 871 1229; x_wconf 80' lang='lat' dir='ltr'><strong>quondam</strong></span> <span class='ocrx_word' id='word_1_155' title='bbox 888 1196 1014 1219; x_wconf 89' lang='lat' dir='ltr'><strong>nomen</strong></span> <span class='ocrx_word' id='word_1_156' title='bbox 1037 1185 1255 1228; x_wconf 73' lang='lat' dir='ltr'><strong>basilicanus,</strong></span> <span class='ocrx_word' id='word_1_157' title='bbox 1282 1204 1327 1209; x_wconf 91' lang='lat'><strong>——</strong></span> <span class='ocrx_word' id='word_1_158' title='bbox 1351 1184 1387 1219; x_wconf 91' lang='lat' dir='ltr'><strong>id</strong></span> <span class='ocrx_word' id='word_1_159' title='bbox 1411 1185 1502 1231; x_wconf 88' lang='lat' dir='ltr'><strong>quod</strong></span> 
     </span>
     <span class='ocr_line' id='line_1_19' title="bbox 179 1243 1500 1290; baseline 0 -11"><span class='ocrx_word' id='word_1_160' title='bbox 179 1244 299 1279; x_wconf 88' lang='lat' dir='ltr'><strong>multis</strong></span> <span class='ocrx_word' id='word_1_161' title='bbox 324 1244 427 1279; x_wconf 86' lang='lat' dir='ltr'><strong>etiam</strong></span> <span class='ocrx_word' id='word_1_162' title='bbox 465 1243 751 1279; x_wconf 77' lang='lat' dir='ltr'><strong>declinationibus</strong></span> <span class='ocrx_word' id='word_1_163' title='bbox 784 1243 955 1279; x_wconf 88' lang='lat' dir='ltr'><strong>similibus</strong></span> <span class='ocrx_word' id='word_1_164' title='bbox 992 1243 1075 1278; x_wconf 87' lang='lat' dir='ltr'><strong>satis</strong></span> <span class='ocrx_word' id='word_1_165' title='bbox 1113 1244 1285 1290; x_wconf 84' lang='lat' dir='ltr'><strong>probatur,</strong></span> <span class='ocrx_word' id='word_1_166' title='bbox 1323 1264 1367 1269; x_wconf 93' lang='lat'><strong>—-</strong></span> <span class='ocrx_word' id='word_1_167' title='bbox 1403 1245 1500 1279; x_wconf 91' lang='lat' dir='ltr'><strong>cuius</strong></span> 
     </span>
     <span class='ocr_line' id='line_1_20' title="bbox 180 1303 1501 1350; baseline 0.001 -13"><span class='ocrx_word' id='word_1_168' title='bbox 180 1304 279 1338; x_wconf 91' lang='lat' dir='ltr'><strong>nobis</strong></span> <span class='ocrx_word' id='word_1_169' title='bbox 304 1316 386 1339; x_wconf 82' lang='lat' dir='ltr'><strong>casu</strong></span> <span class='ocrx_word' id='word_1_170' title='bbox 409 1308 443 1339; x_wconf 89' lang='lat' dir='ltr'><strong>et</strong></span> <span class='ocrx_word' id='word_1_171' title='bbox 466 1303 605 1338; x_wconf 84' lang='lat' dir='ltr'><strong>fortuito</strong></span> <span class='ocrx_word' id='word_1_172' title='bbox 630 1303 766 1337; x_wconf 84' lang='lat' dir='ltr'><strong>nullum</strong></span> <span class='ocrx_word' id='word_1_173' title='bbox 794 1308 968 1349; x_wconf 86' lang='lat' dir='ltr'><strong>praeterea</strong></span> <span class='ocrx_word' id='word_1_174' title='bbox 1003 1304 1200 1350; x_wconf 83' lang='lat' dir='ltr'><strong>exemplum</strong></span> <span class='ocrx_word' id='word_1_175' title='bbox 1236 1310 1409 1339; x_wconf 85' lang='lat' dir='ltr'><strong>servatum</strong></span> <span class='ocrx_word' id='word_1_176' title='bbox 1446 1304 1501 1338; x_wconf 89' lang='lat' dir='ltr'><strong>sit.</strong></span> 
     </span>
     <span class='ocr_line' id='line_1_21' title="bbox 180 1362 1505 1411; baseline 0.001 -13"><span class='ocrx_word' id='word_1_177' title='bbox 180 1362 340 1411; x_wconf 89' lang='lat' dir='ltr'><strong>Propono</strong></span> <span class='ocrx_word' id='word_1_178' title='bbox 364 1362 469 1409; x_wconf 85' lang='lat' dir='ltr'><strong>igitur</strong></span> <span class='ocrx_word' id='word_1_179' title='bbox 493 1374 562 1409; x_wconf 85' lang='lat' dir='ltr'><strong>qua</strong></span> <span class='ocrx_word' id='word_1_180' title='bbox 585 1362 621 1397; x_wconf 92' lang='lat' dir='ltr'><strong>in</strong></span> <span class='ocrx_word' id='word_1_181' title='bbox 647 1362 707 1397; x_wconf 89' lang='lat' dir='ltr'><strong>tali</strong></span> <span class='ocrx_word' id='word_1_182' title='bbox 730 1375 767 1398; x_wconf 91' lang='lat' dir='ltr'><strong>re</strong></span> <span class='ocrx_word' id='word_1_183' title='bbox 792 1374 854 1409; x_wconf 87' lang='lat' dir='ltr'><strong>par</strong></span> <span class='ocrx_word' id='word_1_184' title='bbox 877 1368 929 1397; x_wconf 86' lang='lat' dir='ltr'><strong>est</strong></span> <span class='ocrx_word' id='word_1_185' title='bbox 952 1363 1108 1398; x_wconf 79' lang='lat' dir='ltr'><strong>cautione</strong></span> <span class='ocrx_word' id='word_1_186' title='bbox 1133 1363 1365 1398; x_wconf 80' lang='lat' dir='ltr'><strong>scribendum:</strong></span> <span class='ocrx_word' id='word_1_187' title='bbox 1391 1363 1505 1399; x_wconf 70' lang='lat' dir='ltr'><strong>dimit</strong></span> 
     </span>
     <span class='ocr_line' id='line_1_22' title="bbox 180 1424 1314 1471; baseline 0.001 -13"><span class='ocrx_word' id='word_1_188' title='bbox 180 1425 377 1459; x_wconf 78' lang='lat' dir='ltr'><strong>tricolum</strong></span> <span class='ocrx_word' id='word_1_189' title='bbox 400 1425 467 1460; x_wconf 80' lang='lat' dir='ltr'><strong>tale</strong></span> <span class='ocrx_word' id='word_1_190' title='bbox 491 1425 610 1471; x_wconf 78' lang='lat' dir='ltr'><strong>qualia</strong></span> <span class='ocrx_word' id='word_1_191' title='bbox 633 1431 710 1459; x_wconf 73' lang='lat' dir='ltr'><strong>sunt</strong></span> <span class='ocrx_word' id='word_1_192' title='bbox 727 1437 813 1471; x_wconf 80' lang='lat' dir='ltr'><strong>quae</strong></span> <span class='ocrx_word' id='word_1_193' title='bbox 835 1424 1062 1459; x_wconf 73' lang='lat' dir='ltr'><strong>basilicam·</strong></span> <span class='ocrx_word' id='word_1_194' title='bbox 1084 1431 1314 1459; x_wconf 71' lang='lat' dir='ltr'><strong>sectantur.</strong></span> 
     </span>
     <span class='ocr_line' id='line_1_23' title="bbox 291 1483 1504 1531; baseline 0.001 -12"><span class='ocrx_word' id='word_1_195' title='bbox 291 1483 617 1527; x_wconf 80' lang='lat' dir='ltr'><strong>Contr.VII.16,2.</strong></span> <span class='ocrx_word' id='word_1_196' title='bbox 631 1496 663 1529; x_wconf 92' lang='lat' dir='ltr'><strong>p.</strong></span> <span class='ocrx_word' id='word_1_197' title='bbox 677 1483 1047 1531; x_wconf 73' lang='lat' dir='ltr'><strong>299‚17:pr0ieccusin</strong></span> <span class='ocrx_word' id='word_1_198' title='bbox 1058 1497 1152 1524; x_wconf 81' lang='lat' dir='ltr'><strong>mare</strong></span> <span class='ocrx_word' id='word_1_199' title='bbox 1165 1484 1335 1530; x_wconf 78' lang='lat' dir='ltr'><strong>quidquid</strong></span> <span class='ocrx_word' id='word_1_200' title='bbox 1336 1492 1416 1531; x_wconf 74' lang='lat' dir='ltr'><strong>post</strong></span> <span class='ocrx_word' id='word_1_201' title='bbox 1431 1486 1504 1520; x_wconf 74' lang='lat' dir='ltr'><strong>cxi-</strong></span> 
     </span>
     <span class='ocr_line' id='line_1_24' title="bbox 180 1543 1503 1592; baseline 0 -13"><span class='ocrx_word' id='word_1_202' title='bbox 180 1545 263 1579; x_wconf 80' lang='lat' dir='ltr'><strong>lium</strong></span> <span class='ocrx_word' id='word_1_203' title='bbox 277 1552 306 1579; x_wconf 71' lang='lat' dir='ltr'><strong>ec</strong></span> <span class='ocrx_word' id='word_1_204' title='bbox 317 1545 542 1592; x_wconf 51' lang='lat' dir='ltr'><strong>naufragium</strong></span> <span class='ocrx_word' id='word_1_205' title='bbox 554 1545 609 1578; x_wconf 80' lang='lat' dir='ltr'><strong>vel</strong></span> <span class='ocrx_word' id='word_1_206' title='bbox 607 1545 706 1590; x_wconf 75' lang='lat' dir='ltr'><strong>facit</strong></span> <span class='ocrx_word' id='word_1_207' title='bbox 718 1544 773 1578; x_wconf 84' lang='lat' dir='ltr'><strong>vel</strong></span> <span class='ocrx_word' id='word_1_208' title='bbox 774 1544 914 1591; x_wconf 72' lang='lat' dir='ltr'><strong>patitur</strong></span> <span class='ocrx_word' id='word_1_209' title='bbox 926 1543 968 1578; x_wconf 90' lang='lat' dir='ltr'><strong>ab</strong></span> <span class='ocrx_word' id='word_1_210' title='bbox 974 1543 1207 1590; x_wconf 75' lang='lat' dir='ltr'><strong>omnifocdere</strong></span> <span class='ocrx_word' id='word_1_211' title='bbox 1218 1545 1306 1578; x_wconf 75' lang='lat' dir='ltr'><strong>vitae</strong></span> <span class='ocrx_word' id='word_1_212' title='bbox 1319 1546 1503 1579; x_wconf 74' lang='lat' dir='ltr'><strong>communis</strong></span> 
     </span>
     <span class='ocr_line' id='line_1_25' title="bbox 181 1602 1499 1652; baseline -0.001 -13"><span class='ocrx_word' id='word_1_213' title='bbox 181 1605 377 1647; x_wconf 74' lang='lat' dir='ltr'><strong>abstractus,</strong></span> <span class='ocrx_word' id='word_1_214' title='bbox 394 1617 588 1652; x_wconf 81' lang='lat' dir='ltr'><strong>poenarum</strong></span> <span class='ocrx_word' id='word_1_215' title='bbox 613 1604 685 1638; x_wconf 77' lang='lat' dir='ltr'><strong>eius</strong></span> <span class='ocrx_word' id='word_1_216' title='bbox 700 1616 803 1651; x_wconf 72' lang='lat' dir='ltr'><strong>par-9,</strong></span> <span class='ocrx_word' id='word_1_217' title='bbox 834 1616 901 1638; x_wconf 84' lang='lat' dir='ltr'><strong>non</strong></span> <span class='ocrx_word' id='word_1_218' title='bbox 925 1610 955 1638; x_wconf 78' lang='lat' dir='ltr'><strong>et</strong></span> <span class='ocrx_word' id='word_1_219' title='bbox 969 1604 1139 1650; x_wconf 70' lang='lat' dir='ltr'><strong>nequitiae</strong></span> <span class='ocrx_word' id='word_1_220' title='bbox 1163 1616 1247 1651; x_wconf 77' lang='lat' dir='ltr'><strong>opus</strong></span> <span class='ocrx_word' id='word_1_221' title='bbox 1271 1611 1328 1638; x_wconf 71' lang='lat' dir='ltr'><strong>esc.</strong></span> <span class='ocrx_word' id='word_1_222' title='bbox 1378 1602 1499 1639; x_wconf 57' lang='lat' dir='ltr'><strong>Schulr</strong></span> 
     </span>
     <span class='ocr_line' id='line_1_26' title="bbox 181 1661 1502 1710; baseline 0.001 -12"><span class='ocrx_word' id='word_1_223' title='bbox 181 1663 320 1709; x_wconf 84' lang='lat' dir='ltr'><strong>tingius‚</strong></span> <span class='ocrx_word' id='word_1_224' title='bbox 358 1664 413 1699; x_wconf 87' lang='lat' dir='ltr'><strong>cui</strong></span> <span class='ocrx_word' id='word_1_225' title='bbox 447 1663 532 1698; x_wconf 83' lang='lat' dir='ltr'><strong>haec</strong></span> <span class='ocrx_word' id='word_1_226' title='bbox 570 1663 737 1710; x_wconf 87' lang='lat' dir='ltr'><strong>scriptura</strong></span> <span class='ocrx_word' id='word_1_227' title='bbox 773 1661 924 1706; x_wconf 86' lang='lat' dir='ltr'><strong>debetur,</strong></span> <span class='ocrx_word' id='word_1_228' title='bbox 959 1663 1163 1698; x_wconf 78' lang='lat' dir='ltr'><strong>sententiam</strong></span> <span class='ocrx_word' id='word_1_229' title='bbox 1187 1663 1263 1697; x_wconf 89' lang='lat' dir='ltr'><strong>sine</strong></span> <span class='ocrx_word' id='word_1_230' title='bbox 1286 1662 1389 1698; x_wconf 91' lang='lat' dir='ltr'><strong>dubio</strong></span> <span class='ocrx_word' id='word_1_231' title='bbox 1413 1669 1502 1699; x_wconf 85' lang='lat' dir='ltr'><strong>recte</strong></span> 
     </span>
     <span class='ocr_line' id='line_1_27' title="bbox 166 1722 1501 1772; baseline 0.003 -18"><span class='ocrx_word' id='word_1_232' title='bbox 166 1723 393 1770; x_wconf 77' lang='lat' dir='ltr'><strong>,interpunxit</strong></span> <span class='ocrx_word' id='word_1_233' title='bbox 416 1723 558 1768; x_wconf 88' lang='lat' dir='ltr'><strong>eiusque</strong></span> <span class='ocrx_word' id='word_1_234' title='bbox 582 1723 653 1757; x_wconf 91' lang='lat' dir='ltr'><strong>vim</strong></span> <span class='ocrx_word' id='word_1_235' title='bbox 677 1722 747 1757; x_wconf 84' lang='lat' dir='ltr'><strong>fere</strong></span> <span class='ocrx_word' id='word_1_236' title='bbox 775 1723 963 1772; x_wconf 82' lang='lat' dir='ltr'><strong>perspexit3</strong></span> <span class='ocrx_word' id='word_1_237' title='bbox 993 1728 1105 1758; x_wconf 81' lang='lat' dir='ltr'><strong>tamen</strong></span> <span class='ocrx_word' id='word_1_238' title='bbox 1141 1722 1256 1768; x_wconf 86' lang='lat' dir='ltr'><strong>aliquo</strong></span> <span class='ocrx_word' id='word_1_239' title='bbox 1289 1723 1390 1758; x_wconf 91' lang='lat' dir='ltr'><strong>modo</strong></span> <span class='ocrx_word' id='word_1_240' title='bbox 1426 1736 1501 1758; x_wconf 85' lang='lat' dir='ltr'><strong>eam</strong></span> 
     </span>
    </p>
   </div>
   <div class='ocr_carea' id='block_1_3' title="bbox 180 1782 1580 1832">
    <p class='ocr_par' dir='ltr' id='par_1_3' title="bbox 180 1782 1580 1832">
     <span class='ocr_line' id='line_1_28' title="bbox 180 1782 1580 1832; baseline 0 -14"><span class='ocrx_word' id='word_1_241' title='bbox 180 1783 355 1830; x_wconf 85' lang='lat' dir='ltr'><strong>pervertit,</strong></span> <span class='ocrx_word' id='word_1_242' title='bbox 381 1795 465 1818; x_wconf 51' lang='lat' dir='ltr'><strong>cum*</strong></span> <span class='ocrx_word' id='word_1_243' title='bbox 485 1791 515 1818; x_wconf 79' lang='lat' dir='ltr'><strong>et</strong></span> <span class='ocrx_word' id='word_1_244' title='bbox 540 1783 702 1818; x_wconf 81' lang='lat' dir='ltr'><strong>scriberet</strong></span> <span class='ocrx_word' id='word_1_245' title='bbox 737 1795 799 1829; x_wconf 90' lang='lat' dir='ltr'><strong>pro</strong></span> <span class='ocrx_word' id='word_1_246' title='bbox 835 1782 1001 1832; x_wconf 82' lang='lat' dir='ltr'><strong>eoquod</strong></span> <span class='ocrx_word' id='word_1_247' title='bbox 1036 1783 1073 1817; x_wconf 92' lang='lat' dir='ltr'><strong>in</strong></span> <span class='ocrx_word' id='word_1_248' title='bbox 1109 1782 1282 1817; x_wconf 87' lang='lat' dir='ltr'><strong>codicibus</strong></span> <span class='ocrx_word' id='word_1_249' title='bbox 1307 1787 1418 1817; x_wconf 85' lang='lat' dir='ltr'><strong>exstat</strong></span> <span class='ocrx_word' id='word_1_250' title='bbox 1443 1790 1501 1818; x_wconf 72' lang='lat' dir='ltr'><strong>est.</strong></span> <span class='ocrx_word' id='word_1_251' title='bbox 1536 1805 1548 1809; x_wconf 44' lang='lat' dir='ltr'><strong>v»</strong></span> <span class='ocrx_word' id='word_1_252' title='bbox 1578 1794 1580 1796; x_wconf 85' lang='lat'>·</span> 
     </span>
    </p>
   </div>
   <div class='ocr_carea' id='block_1_4' title="bbox 180 1832 1541 2252">
    <p class='ocr_par' dir='ltr' id='par_1_4' title="bbox 182 1832 1503 1950">
     <span class='ocr_line' id='line_1_29' title="bbox 182 1832 1503 1889; baseline 0 -12"><span class='ocrx_word' id='word_1_253' title='bbox 182 1842 282 1877; x_wconf 89' lang='lat' dir='ltr'><strong>Iusta</strong></span> <span class='ocrx_word' id='word_1_254' title='bbox 305 1843 422 1889; x_wconf 87' lang='lat' dir='ltr'><strong>reique</strong></span> <span class='ocrx_word' id='word_1_255' title='bbox 446 1841 701 1878; x_wconf 81' lang='lat' dir='ltr'><strong>accommodata</strong></span> <span class='ocrx_word' id='word_1_256' title='bbox 717 1840 902 1883; x_wconf 76' lang='grc' dir='ltr'><strong><em>ἀντίθεσις</em></strong></span> <span class='ocrx_word' id='word_1_257' title='bbox 926 1848 999 1877; x_wconf 84' lang='lat' dir='ltr'><strong>tum</strong></span> <span class='ocrx_word' id='word_1_258' title='bbox 1023 1841 1162 1877; x_wconf 86' lang='lat' dir='ltr'><strong>demum</strong></span> <span class='ocrx_word' id='word_1_259' title='bbox 1185 1841 1258 1885; x_wconf 84' lang='lat' dir='ltr'><strong>fiet,</strong></span> <span class='ocrx_word' id='word_1_260' title='bbox 1286 1841 1313 1876; x_wconf 91' lang='lat' dir='ltr'><strong>si</strong></span> <span class='ocrx_word' id='word_1_261' title='bbox 1339 1832 1503 1878; x_wconf 80' lang='lat' dir='ltr'><strong>deleveris</strong></span> 
     </span>
     <span class='ocr_line' id='line_1_30' title="bbox 183 1901 1338 1950; baseline -0.003 -13"><span class='ocrx_word' id='word_1_262' title='bbox 183 1903 342 1939; x_wconf 86' lang='lat' dir='ltr'><strong>voculam</strong></span> <span class='ocrx_word' id='word_1_263' title='bbox 367 1911 415 1939; x_wconf 73' lang='lat' dir='ltr'><strong>est</strong></span> <span class='ocrx_word' id='word_1_264' title='bbox 439 1916 481 1938; x_wconf 84' lang='lat' dir='ltr'><strong>ex</strong></span> <span class='ocrx_word' id='word_1_265' title='bbox 504 1903 573 1937; x_wconf 91' lang='lat' dir='ltr'><strong>fine</strong></span> <span class='ocrx_word' id='word_1_266' title='bbox 598 1902 765 1938; x_wconf 86' lang='lat' dir='ltr'><strong>enuntiati</strong></span> <span class='ocrx_word' id='word_1_267' title='bbox 790 1915 850 1950; x_wconf 86' lang='lat' dir='ltr'><strong>per</strong></span> <span class='ocrx_word' id='word_1_268' title='bbox 874 1915 1024 1937; x_wconf 86' lang='lat' dir='ltr'><strong>errorem</strong></span> <span class='ocrx_word' id='word_1_269' title='bbox 1047 1901 1117 1937; x_wconf 89' lang='lat' dir='ltr'><strong>huc</strong></span> <span class='ocrx_word' id='word_1_270' title='bbox 1140 1901 1297 1937; x_wconf 84' lang='lat' dir='ltr'><strong>delatam.</strong></span> <span class='ocrx_word' id='word_1_271' title='bbox 1336 1930 1338 1933; x_wconf 29' lang='lat' dir='ltr'>s</span> 
     </span>
    </p>

    <p class='ocr_par' dir='ltr' id='par_1_5' title="bbox 180 1961 1541 2252">
     <span class='ocr_line' id='line_1_31' title="bbox 292 1961 1502 2016; baseline -0.003 -14"><span class='ocrx_word' id='word_1_272' title='bbox 292 1964 433 2002; x_wconf 88' lang='lat' dir='ltr'><strong>Contr.</strong></span> <span class='ocrx_word' id='word_1_273' title='bbox 459 1964 541 2000; x_wconf 88' lang='lat' dir='ltr'><strong>VII.</strong></span> <span class='ocrx_word' id='word_1_274' title='bbox 567 1965 681 2008; x_wconf 60' lang='lat'>2124.</span> <span class='ocrx_word' id='word_1_275' title='bbox 707 1977 740 2012; x_wconf 92' lang='lat' dir='ltr'><strong>p.</strong></span> <span class='ocrx_word' id='word_1_276' title='bbox 766 1964 885 2008; x_wconf 60' lang='lat'>3525:</span> <span class='ocrx_word' id='word_1_277' title='bbox 912 1965 1028 2016; x_wconf 69' lang='lat' dir='ltr'><strong>Nepos</strong></span> <span class='ocrx_word' id='word_1_278' title='bbox 1052 1965 1215 2004; x_wconf 70' lang='lat' dir='ltr'><strong>Licinius</strong></span> <span class='ocrx_word' id='word_1_279' title='bbox 1237 1961 1373 1999; x_wconf 77' lang='lat' dir='ltr'><strong>illinon</strong></span> <span class='ocrx_word' id='word_1_280' title='bbox 1388 1963 1502 2007; x_wconf 52' lang='lat' dir='ltr'><strong>cessim</strong></span> 
     </span>
     <span class='ocr_line' id='line_1_32' title="bbox 180 2024 1504 2072; baseline -0.003 -11"><span class='ocrx_word' id='word_1_281' title='bbox 180 2026 271 2061; x_wconf 73' lang='lat' dir='ltr'><strong>dixit</strong></span> <span class='ocrx_word' id='word_1_282' title='bbox 295 2027 400 2061; x_wconf 85' lang='lat' dir='ltr'><strong>enim:</strong></span> <span class='ocrx_word' id='word_1_283' title='bbox 424 2026 482 2060; x_wconf 75' lang='lat' dir='ltr'><strong>sub</strong></span> <span class='ocrx_word' id='word_1_284' title='bbox 506 2026 570 2060; x_wconf 82' lang='lat' dir='ltr'><strong>illa</strong></span> <span class='ocrx_word' id='word_1_285' title='bbox 593 2025 755 2060; x_wconf 76' lang='lat' dir='ltr'><strong>subsellia</strong></span> <span class='ocrx_word' id='word_1_286' title='bbox 779 2026 920 2060; x_wconf 72' lang='lat' dir='ltr'><strong>transite</strong></span> <span class='ocrx_word' id='word_1_287' title='bbox 944 2026 1053 2068; x_wconf 80' lang='lat' dir='ltr'><strong>servi,</strong></span> <span class='ocrx_word' id='word_1_288' title='bbox 1078 2025 1221 2059; x_wconf 73' lang='lat' dir='ltr'><strong>transite</strong></span> <span class='ocrx_word' id='word_1_289' title='bbox 1246 2024 1367 2066; x_wconf 76' lang='lat' dir='ltr'><strong>liberti,</strong></span> <span class='ocrx_word' id='word_1_290' title='bbox 1392 2031 1504 2072; x_wconf 75' lang='lat' dir='ltr'><strong>empta</strong></span> 
     </span>
     <span class='ocr_line' id='line_1_33' title="bbox 180 2083 1541 2136; baseline -0.002 -14"><span class='ocrx_word' id='word_1_291' title='bbox 180 2087 344 2136; x_wconf 66' lang='lat' dir='ltr'><strong>cognatio.</strong></span> <span class='ocrx_word' id='word_1_292' title='bbox 392 2086 523 2134; x_wconf 84' lang='lat' dir='ltr'><strong>Aperte</strong></span> <span class='ocrx_word' id='word_1_293' title='bbox 547 2091 743 2131; x_wconf 84' lang='lat' dir='ltr'><strong>corruptum</strong></span> <span class='ocrx_word' id='word_1_294' title='bbox 768 2089 821 2119; x_wconf 88' lang='lat' dir='ltr'><strong>est</strong></span> <span class='ocrx_word' id='word_1_295' title='bbox 837 2085 899 2120; x_wconf 78' lang='lat' dir='ltr'><strong>sub</strong></span> <span class='ocrx_word' id='word_1_296' title='bbox 915 2085 978 2120; x_wconf 76' lang='lat' dir='ltr'><strong>illa</strong></span> <span class='ocrx_word' id='word_1_297' title='bbox 1000 2084 1169 2120; x_wconf 76' lang='lat' dir='ltr'><strong>subsellia.</strong></span> <span class='ocrx_word' id='word_1_298' title='bbox 1194 2102 1238 2107; x_wconf 86' lang='lat'><strong>——</strong></span> <span class='ocrx_word' id='word_1_299' title='bbox 1262 2095 1307 2117; x_wconf 85' lang='lat' dir='ltr'><strong>an</strong></span> <span class='ocrx_word' id='word_1_300' title='bbox 1332 2083 1395 2118; x_wconf 86' lang='lat' dir='ltr'><strong>sub</strong></span> <span class='ocrx_word' id='word_1_301' title='bbox 1421 2083 1502 2119; x_wconf 83' lang='lat' dir='ltr'><strong>sub-</strong></span> <span class='ocrx_word' id='word_1_302' title='bbox 1540 2087 1541 2090; x_wconf 74' lang='grc'>’</span> 
     </span>
     <span class='ocr_line' id='line_1_34' title="bbox 181 2141 1502 2189; baseline -0.004 -7"><span class='ocrx_word' id='word_1_303' title='bbox 181 2146 289 2189; x_wconf 84' lang='lat' dir='ltr'><strong>selliis</strong></span> <span class='ocrx_word' id='word_1_304' title='bbox 313 2146 449 2180; x_wconf 86' lang='lat' dir='ltr'><strong>latitare</strong></span> <span class='ocrx_word' id='word_1_305' title='bbox 473 2145 639 2180; x_wconf 42' lang='lat' dir='ltr'><strong>iubentur*</strong></span> <span class='ocrx_word' id='word_1_306' title='bbox 658 2144 785 2179; x_wconf 74' lang='lat' dir='ltr'><strong>miselli</strong></span> <span class='ocrx_word' id='word_1_307' title='bbox 809 2144 862 2179; x_wconf 91' lang='lat' dir='ltr'><strong>illi</strong></span> <span class='ocrx_word' id='word_1_308' title='bbox 886 2144 1068 2181; x_wconf 83' lang='lat' dir='ltr'><strong>homines?</strong></span> <span class='ocrx_word' id='word_1_309' title='bbox 1092 2162 1138 2168; x_wconf 83' lang='lat'><strong>—-</strong></span> <span class='ocrx_word' id='word_1_310' title='bbox 1163 2142 1280 2179; x_wconf 87' lang='lat' dir='ltr'><strong>Sensit</strong></span> <span class='ocrx_word' id='word_1_311' title='bbox 1296 2143 1360 2178; x_wconf 90' lang='lat' dir='ltr'><strong>hoc</strong></span> <span class='ocrx_word' id='word_1_312' title='bbox 1377 2141 1502 2179; x_wconf 88' lang='lat' dir='ltr'><strong>Schul-</strong></span> 
     </span>
     <span class='ocr_line' id='line_1_35' title="bbox 180 2203 1502 2252; baseline -0.002 -11"><span class='ocrx_word' id='word_1_313' title='bbox 180 2206 319 2252; x_wconf 81' lang='lat' dir='ltr'><strong>tingius,</strong></span> <span class='ocrx_word' id='word_1_314' title='bbox 350 2204 410 2240; x_wconf 85' lang='lat' dir='ltr'><strong>sed</strong></span> <span class='ocrx_word' id='word_1_315' title='bbox 433 2217 509 2240; x_wconf 88' lang='lat' dir='ltr'><strong>cum</strong></span> <span class='ocrx_word' id='word_1_316' title='bbox 537 2204 641 2239; x_wconf 90' lang='lat' dir='ltr'><strong>nimis</strong></span> <span class='ocrx_word' id='word_1_317' title='bbox 666 2204 809 2240; x_wconf 84' lang='lat' dir='ltr'><strong>haerens</strong></span> <span class='ocrx_word' id='word_1_318' title='bbox 833 2204 869 2239; x_wconf 93' lang='lat' dir='ltr'><strong>in</strong></span> <span class='ocrx_word' id='word_1_319' title='bbox 894 2203 1029 2238; x_wconf 83' lang='lat' dir='ltr'><strong>traditis</strong></span> <span class='ocrx_word' id='word_1_320' title='bbox 1053 2203 1209 2250; x_wconf 81' lang='lat' dir='ltr'><strong>apicibus</strong></span> <span class='ocrx_word' id='word_1_321' title='bbox 1234 2203 1371 2250; x_wconf 87' lang='lat' dir='ltr'><strong>scripsit</strong></span> <span class='ocrx_word' id='word_1_322' title='bbox 1393 2204 1502 2238; x_wconf 71' lang='lat' dir='ltr'><strong>subito</strong></span> 
     </span>
    </p>
   </div>
   <div class='ocr_carea' id='block_1_5' title="bbox 179 2271 399 2279">
    <p class='ocr_par' dir='ltr' id='par_1_6' title="bbox 179 2271 399 2279">
     <span class='ocr_line' id='line_1_36' title="bbox 179 2271 399 2279; baseline 0 0"><span class='ocrx_word' id='word_1_323' title='bbox 179 2271 399 2279; x_wconf 95' lang='lat' dir='ltr'><strong> </strong></span> 
     </span>
    </p>
   </div>
   <div class='ocr_carea' id='block_1_6' title="bbox 292 2290 1502 2337">
    <p class='ocr_par' dir='ltr' id='par_1_7' title="bbox 292 2290 1502 2337">
     <span class='ocr_line' id='line_1_37' title="bbox 292 2290 1502 2337; baseline -0.002 -11"><span class='ocrx_word' id='word_1_324' title='bbox 292 2298 314 2334; x_wconf 86' lang='lat'><strong>¹)</strong></span> <span class='ocrx_word' id='word_1_325' title='bbox 345 2298 405 2326; x_wconf 78' lang='lat' dir='ltr'><strong>Osr.</strong></span> <span class='ocrx_word' id='word_1_326' title='bbox 430 2306 461 2333; x_wconf 57' lang='lat' dir='ltr'><strong>⁴p.</strong></span> <span class='ocrx_word' id='word_1_327' title='bbox 490 2298 570 2333; x_wconf 81' lang='lat'>390‚1</span> <span class='ocrx_word' id='word_1_328' title='bbox 601 2297 734 2337; x_wconf 77' lang='lat' dir='ltr'><strong>sequitur</strong></span> <span class='ocrx_word' id='word_1_329' title='bbox 768 2300 866 2325; x_wconf 75' lang='lat' dir='ltr'><strong>autem</strong></span> <span class='ocrx_word' id='word_1_330' title='bbox 898 2290 951 2325; x_wconf 76' lang='lat' dir='ltr'><strong>hoc</strong></span> <span class='ocrx_word' id='word_1_331' title='bbox 979 2304 1071 2335; x_wconf 74' lang='lat' dir='ltr'><strong>usque</strong></span> <span class='ocrx_word' id='word_1_332' title='bbox 1099 2296 1131 2324; x_wconf 78' lang='lat' dir='ltr'><strong>in</strong></span> <span class='ocrx_word' id='word_1_333' title='bbox 1152 2295 1258 2334; x_wconf 71' lang='lat' dir='ltr'><strong>foram</strong></span> <span class='ocrx_word' id='word_1_334' title='bbox 1290 2294 1502 2325; x_wconf 77' lang='lat' dir='ltr'><strong>declamatores</strong></span> 
     </span>
    </p>
   </div>
   <div class='ocr_carea' id='block_1_7' title="bbox 148 2335 1311 2427">
    <p class='ocr_par' dir='ltr' id='par_1_8' title="bbox 148 2335 1311 2427">
     <span class='ocr_line' id='line_1_38' title="bbox 148 2335 1093 2381; baseline -0.003 -8"><span class='ocrx_word' id='word_1_335' title='bbox 148 2335 150 2337; x_wconf 38' lang='lat'><strong><em>¹</em></strong></span> <span class='ocrx_word' id='word_1_336' title='bbox 179 2344 291 2379; x_wconf 77' lang='lat' dir='ltr'><strong>vitium,</strong></span> <span class='ocrx_word' id='word_1_337' title='bbox 309 2347 342 2373; x_wconf 81' lang='lat' dir='ltr'><strong>ut</strong></span> <span class='ocrx_word' id='word_1_338' title='bbox 359 2344 525 2373; x_wconf 67' lang='lat' dir='ltr'><strong>necessaria</strong></span> <span class='ocrx_word' id='word_1_339' title='bbox 544 2342 680 2373; x_wconf 75' lang='lat' dir='ltr'><strong>deserant</strong></span> <span class='ocrx_word' id='word_1_340' title='bbox 699 2341 769 2372; x_wconf 83' lang='lat' dir='ltr'><strong>dum</strong></span> <span class='ocrx_word' id='word_1_341' title='bbox 787 2342 920 2381; x_wconf 70' lang='lat' dir='ltr'><strong>speciosa</strong></span> <span class='ocrx_word' id='word_1_342' title='bbox 938 2345 1093 2371; x_wconf 77' lang='lat' dir='ltr'><strong>sectantur.</strong></span> 
     </span>
     <span class='ocr_line' id='line_1_39' title="bbox 291 2386 1311 2427; baseline -0.004 -7"><span class='ocrx_word' id='word_1_343' title='bbox 291 2389 315 2427; x_wconf 85' lang='lat'><strong>²)</strong></span> <span class='ocrx_word' id='word_1_344' title='bbox 337 2389 399 2420; x_wconf 64' lang='lat' dir='ltr'><strong>Cir.</strong></span> <span class='ocrx_word' id='word_1_345' title='bbox 419 2389 520 2419; x_wconf 82' lang='lat' dir='ltr'><strong>Gloss.</strong></span> <span class='ocrx_word' id='word_1_346' title='bbox 540 2389 610 2418; x_wconf 83' lang='lat' dir='ltr'><strong>Car.</strong></span> <span class='ocrx_word' id='word_1_347' title='bbox 629 2388 772 2421; x_wconf 81' lang='lat' dir='ltr'><strong>Labbaei,</strong></span> <span class='ocrx_word' id='word_1_348' title='bbox 790 2388 861 2417; x_wconf 87' lang='lat' dir='ltr'><strong>Lut.</strong></span> <span class='ocrx_word' id='word_1_349' title='bbox 881 2387 951 2417; x_wconf 80' lang='lat' dir='ltr'><strong>Par.</strong></span> <span class='ocrx_word' id='word_1_350' title='bbox 972 2386 1199 2417; x_wconf 83' lang='lat' dir='ltr'>MDOLXXIX.</span> <span class='ocrx_word' id='word_1_351' title='bbox 1218 2396 1246 2424; x_wconf 88' lang='lat' dir='ltr'><strong>p.</strong></span> <span class='ocrx_word' id='word_1_352' title='bbox 1265 2388 1311 2420; x_wconf 79' lang='lat'><strong>21.</strong></span> 
     </span>
    </p>
   </div>
  </div>
 </body>
</html>
